2539 3612
763 169 810 224 L
855 185 876 224 1
920 184 972 223 Β.
1020 167 1141 221 ΙΙΙ.
1226 162 1281 220 C
1325 184 1367 223 A
1412 182 1461 222 P.
1507 167 1645 223 XV.
2075 197 2182 256 295

178 275 411 331 occurrit
435 272 570 330 ratio
595 310 616 343 3
659 269 862 327 idcirco
899 265 993 325 ista
1028 267 1228 345 optimi
1255 268 1436 347 cyrilli
1470 268 1835 346 amplectanda
1865 271 2025 331 nobis
2057 275 2177 336 sen-

169 358 344 413 tentia
379 352 468 411 est.
552 350 706 428 Quid
749 352 897 407 enim
937 365 1149 405 tantum
1187 345 1348 405 nobis
1387 352 1749 425 permittimus
1785 350 2059 423 homulli,
2115 378 2176 418 ut

172 458 290 494 non
314 435 479 494 modo
502 434 829 491 Divinarum
867 434 1082 509 Legum
1110 432 1360 487 omnium
1385 433 1618 487 rationes
1645 454 1914 511 exponere
1942 457 2043 494 nos
2067 459 2172 518 po-

170 515 421 574 stulemus
448 542 465 586 3
505 535 690 572 verum
718 514 879 570 etiam
907 555 923 583 ,
968 510 1006 568 fi
1029 533 1143 568 non
1168 510 1267 568 nisi
1294 531 1402 566 una
1437 511 1612 590 aliqua
1648 513 1807 572 nobis
1844 518 1900 573 in
1926 539 2168 579 mentem

168 595 378 655 fortasse
405 598 610 661 veniat,
655 616 852 674 eaque,
900 592 1050 673 quod
1077 615 1144 649 ne
1173 591 1268 670 ipsi
1295 590 1517 671 quidem
1549 591 1766 653 diffiteri
1790 596 2016 656 aufimus
2035 642 2054 673 3
2097 601 2171 658 sa-

167 681 236 735 tis
264 677 485 757 frigida,
530 694 716 756 praeter
739 676 875 733 hanc
909 675 1110 732 nullam
1148 673 1247 730 effe
1278 690 1478 729 temere
1504 671 1812 733 afferamus?
1861 680 1916 734 Si
1942 680 2165 740 humani

161 761 290 834 juris
317 756 545 815 consulti
582 776 792 816 tantum
824 754 1116 832 majoribus
1157 773 1284 811 natu
1322 752 1600 825 deferunt,
1647 776 1709 814 ut
1742 760 1909 816 multa
1931 762 2165 839 pruden-

161 857 242 896 ter
267 839 331 897 ab
370 841 431 896 iis
464 838 753 897 constituta
789 838 995 896 dictent
1020 877 1038 908 ,
1082 857 1318 915 quorum
1354 854 1533 893 tamen
1562 859 1590 893 a
1617 837 1841 917 posteris
1870 842 2019 900 reddi
2044 867 2160 904 non

157 920 335 999 potest
358 923 494 978 ratio
521 946 536 990 3
581 938 786 1001 quanto
813 921 980 997 magis
1014 919 1087 974 ita
1123 940 1223 974 nos
1249 917 1313 975 de
1339 919 1562 974 Divinis
1599 918 1839 999 Legibus
1864 922 2172 984 existimare-

155 1022 250 1081 par
272 1001 346 1060 est
370 1048 386 1074 ‚
432 1023 612 1059 earum
649 998 1044 1081 sapientiffimas
1072 998 1278 1078 semper
1302 995 1742 1080 sanciiffimasque
1767 1004 1895 1059 Deo
1921 1005 2160 1065 constare

154 1086 386 1141 rationes
402 1130 418 1155 ‚
463 1086 623 1141 etiam
648 1083 684 1140 fi
709 1081 876 1140 nostri
893 1104 974 1140 eas
999 1083 1209 1160 ingenii
1235 1078 1554 1160 caliginosus
1581 1079 1765 1160 stupor
1789 1106 1912 1141 non
1928 1086 2170 1166 affequa-

154 1171 281 1223 tur?
311 1166 373 1222 Id
395 1186 564 1245 genus
592 1183 851 1243 praecep-ta
879 1162 1119 1240 δόγμοιῖοι
1146 1160 1298 1232 sunt,
1336 1185 1363 1218 a
1387 1181 1538 1220 mero
1565 1162 1908 1244 Legissatoris
1934 1168 2157 1225 arbitrio

74 1255 83 1266 '
150 1247 470 1322 pendentia,
503 1247 699 1325 quibus
728 1267 967 1303 exercere
993 1246 1184 1323 populi
1209 1243 1286 1300 sui
1310 1241 1632 1322 obsequium
1657 1246 1859 1314 voluit,
1903 1265 1963 1304 ut
1989 1247 2159 1306 disce-

149 1344 271 1382 rent
296 1328 352 1381 in
378 1321 487 1382 sola
506 1325 743 1398 jubentis
776 1329 1087 1382 auetoritate
1111 1323 1441 1403 acquiescere
1461 1348 1477 1393 3
1523 1346 1637 1382 non
1663 1324 1925 1404 postulata
1943 1332 2154 1388 ratione

145 1404 406 1481 juffionis.
486 1409 617 1463 Hoc
643 1407 862 1462 interim
888 1406 1187 1462 tenendum
1212 1404 1317 1461 fide
1346 1403 1451 1472 est,
1498 1406 1761 1485 quicquid
1782 1406 2024 1482 jubetur,
2067 1417 2154 1486 ju«-

146 1485 284 1544 stum
308 1505 466 1566 atque
496 1485 779 1545 obedienti
802 1485 1015 1543 bonum
1043 1483 1142 1540 effe
1172 1508 1184 1540 :
1230 1502 1388 1562 atque
1416 1503 1639 1541 externo
1670 1486 1753 1542 isti
1776 1509 2041 1570 praecepto
2069 1516 2151 1551 ar-

145 1589 340 1626 canum
362 1570 567 1648 aliquid
595 1565 791 1625 filbefle
817 1613 832 1638 ‚
878 1574 1025 1642 cujus
1049 1565 1512 1644 complementum
1541 1567 1598 1621 in
1627 1566 1846 1625 Christo
1872 1576 1927 1625 δέ
1952 1594 2152 1650 corpo-

145 1653 201 1705 re
229 1651 368 1705 illius
392 1649 627 1728 mystico·
646 1649 992 1727 quaerendum
1029 1645 1118 1704 est.
1206 1646 1343 1702 Eam
1370 1647 1554 1724 potius
1593 1668 1812 1725 operam
1836 1650 2150 1728 praestitiffet

144 1728 307 1787 nobis
341 1729 697 1787 Do&iffimus
732 1735 1033 1810 Spmoerm,
1077 1746 1137 1783 ut
1172 1729 1422 1805 praecepti
1449 1726 1512 1783 de
1548 1728 1921 1788 Naziraeorum
1947 1737 2147 1805 comi5‚

143 1809 345 1868 alendis
370 1813 605 1890 primum
629 1853 647 1883 ‚
692 1829 808 1866 tum
833 1809 1126 1867 cremandis
1150 1853 1165 1878 ‚
1213 1809 1541 1887 spiritualem·
1557 1807 2008 1889 significationem
2022 1861 2038 1886 ‚
2084 1838 2147 1874 ex

145 1895 537 1970 Scripturarum
561 1893 848 1948 collatione
865 1933 883 1964 ‚
928 1889 1242 1948 edissereret.

226 1979 381 2033 VII.
437 1977 639 2052 Qarto
681 1993 698 2028 .·
757 1973 1044 2029 Nonnulla
1094 1973 1262 2028 etiam>
1312 1989 1568 2050 tanquam
1626 1968 1770 2029 suam
1822 1973 2144 2037 stabilientia

141 2057 466 2135 opinionem
489 2060 768 2138 Spencerus
787 2053 989 2122 laudat,
1036 2073 1150 2131 quae
1178 2070 1356 2110 tamen
1383 2055 1655 2134 utrimque
1683 2054 1948 2127 concessa,
1996 2078 2151 2117 extra-

139 2158 257 2194 eam
285 2138 349 2195 de
373 2159 477 2218 qua
504 2157 648 2193 nunc
677 2133 971 2212 disputatur
1008 2131 1358 2212 quaestionem
1392 2133 1526 2190 sunt.
1615 2135 1764 2191 Nam
1789 2141 1846 2192 ἃ
1872 2160 1973 2196 nos
1999 2143 2136 2197 nulli

136 2217 463 2298 ambigimus
489 2261 504 2286 ,
549 2219 684 2297 quin
706 2218 860 2273 Deus
885 2216 1051 2272 multa
1072 2215 1135 2274 ad
1164 2217 1370 2271 externi
1406 2215 1576 2270 cultus
1599 2236 1906 2293 apparatum
1930 2218 2145 2279 facienae
2205 2245 2209 2250 ·

136 2301 210 2356 tia
233 2343 249 2369 ,
293 2301 429 2356 olim
466 2300 523 2355 in
552 2298 758 2355 mundo
793 2296 974 2355 usitata
997 2341 1013 2367 ,
1058 2295 1146 2354 sed
1171 2319 1197 2353 a
1221 2299 1350 2353 Deo
1387 2296 1503 2373 ipso
1528 2340 1557 2372 ,Ι
1590 2314 1681 2352 aut
1703 2301 2128 2375 generalioribus

135 2399 226 2437 aut
249 2378 646 2459 specialioribus
678 2379 934 2438 mandatis
958 2421 978 2454 ‚
1023 2378 1293 2446 instituta,
1336 2396 1495 2456 atque
1521 2376 1810 2456 approbata
1837 2424 1852 2451 ,
1895 2404 1923 2437 a
1946 2387 2129 2462 genti-

131 2460 274 2518 libus
310 2479 488 2519 autem
525 2479 772 2540 corrupta
794 2507 810 2532 ,
854 2461 918 2518 de
958 2481 1112 2519 novo
1151 2459 1392 2518 Israelitis
1427 2456 1823 2537 praescripserit,
1865 2480 1927 2519 ut
1949 2485 2045 2543 per
2070 2487 2129 2522 ea

132 2542 198 2600 ad
221 2548 420 2618 majora
445 2586 461 2612 ‚
519 2540 804 2621 spiritualia
829 2587 844 2613 ,
889 2541 1119 2600 coelestia
1144 2563 1236 2599 eos
1270 2541 1544 2621 paullatim
1569 2541 1952 2601 manuduceret
1974 2571 1990 2614 ;
2036 2544 2131 2603 lia-2

130 2624 315 2681 &enus
341 2624 390 2682 se
415 2623 632 2681 ruditati
662 2625 852 2702 populi
886 2623 1296 2681 accommodans
1319 2668 1336 2692 ,
1382 2624 1477 2703 qui
1502 2624 1668 2679 unico
1693 2621 1822 2680 saltu
1849 2646 1877 2680 a
1900 2624 2133 2684 visibili·-

132 2704 232 2763 bus
257 2704 453 2785 quibus
477 2704 794 2771 assueverat,
838 2704 902 2762 ad
924 2727 1068 2763 mere
1094 2704 1379 2784 spiritua-lia
1395 2746 1414 2777 .,
1459 2703 1567 2761 {ola
1592 2706 1788 2761 mentis
1814 2705 2133 2765 meditatio-

130 2807 283 2845 neae
318 2785 534 2843 sublimi
560 2786 666 2844 fide
704 2784 1145 2864 apprehendenda
1171 2832 1188 2857 ,
1233 2784 1505 2844 transferri
1541 2786 1634 2843 vix
1673 2803 1898 2862 poterat.
1986 2789 2132 2847 Eam.

128 2867 205 2925 ob
234 2866 456 2926 caussam
469 2869 659 2926 Paulus
684 2869 1012 2924 caerimonias
1036 2866 1151 2923 istas
1176 2889 1330 2947 egena
1353 2865 1534 2924 mnndi
1556 2868 1801 2922 elementa
1823 2884 1993 2925 vocat.
2009 2870 2131 2926 Re-

128 2949 257 3008 ferri
279 2950 385 3007 huc
408 2947 623 3028 poffunt
651 2994 666 3020 ‚
711 2947 975 3008 Sacrificia
998 2992 1015 3018 ,
1059 2948 1266 3006 Altaria
1288 2994 1305 3020 ‚
1349 2948 1584 3027 Templa
1606 2991 1623 3018 ‚
1665 2947 1902 3005 Dierum
1930 2948 2121 3009 distin-

128 3031 364 3102 ἂίοηεε,
407 3036 464 3087 &
487 3030 548 3089 id
568 3052 739 3111 genus
764 3032 941 3110 plura,
985 3050 1101 3109 quae
1124 3029 1414 3104 majoribus
1440 3048 1568 3088 natu
1590 3025 1863 3107 usurpata,
1908 3031 1967 3087 in
1991 3029 2124 3088 Isra-

127 3113 369 3175 &litatum
408 3133 629 3195 quoque
679 3113 943 3192 religione
980 3107 1247 3171 observari
1287 3113 1441 3171 Deus
1471 3112 1673 3170 voluit..
1747 3109 1852 3169 Sed
1877 3132 1936 3169 ea
1960 3111 2136 3170 nobis

2057 3193 2134 3250 uss
