2539 3612
663 183 711 238 L
754 169 872 238 1¹13.
916 182 998 235 ΙΙ.
1084 178 1137 235 C
1179 197 1224 238 Α
1267 197 1317 238 Ρ.
1373 175 1555 238 Xm.
1973 204 2076 265 155

96 286 172 343 ‘rit
197 288 254 343 in
279 283 507 342 obscuro
531 278 622 338 est.
647 281 818 338 Multi
826 277 1044 362 speciem
1057 279 1240 359 gladii
1261 277 1590 361 suspicantur
1613 280 1807 342 vifibili
1824 281 1999 342 forma
2011 286 2077 343 ab

98 370 325 447 Angelis
348 365 410 423 ad
433 362 580 421 horti
602 362 807 420 aditum
837 357 1041 419 versati.
1114 368 1240 442 Qia
1264 359 1436 442 specie
1461 386 1554 422 eos
1580 409 1596 435 ‚
1653 365 1718 424 ad
1741 365 1938 441 judicia
1963 368 2077 426 Dei

96 445 423 528 exsequenda
448 443 657 517 miss03‚
674 442 854 523 saepius
880 441 1167 521 apparuisse
1183 446 1429 524 legimus.
1446 449 1696 506 Bileamo.
1712 448 1886 506 Num.
1907 469 2006 505 xxr
2025 468 2072 506 1.

103 549 192 587 22.
225 549 310 608 23.
363 525 540 606 Jofttae.
584 526 718 604 Cap.
758 546 806 582 v.
843 544 928 603 13.
981 524 1212 582 Davidi.
1247 546 1269 582 1
1292 526 1423 584 Chr.
1449 548 1574 586 xx1.
1610 537 1698 587 16.
1746 534 1955 587 Grotius
1978 551 2073 609 per

93 608 455 666 flammantem
492 605 730 686 gladium
758 651 773 677 ‚
819 623 1082 690 perpetuos
1118 611 1259 686 tgnes
1283 610 1541 688 intelligit
1564 655 1579 679 ‚
1633 617 1690 668 &
1718 630 1961 669 cavernas
1984 611 2073 669 bi-

92 693 299 746 tumine
325 709 383 746 ac
410 686 657 767 sulphure
683 686 981 769 stagnantes
997 734 1011 755 ,
1031 690 1210 769 quales
1235 691 1293 746 in
1318 688 1601 774 Babyloniae
1624 695 1821 772 campis
1847 690 2073 771 scripto-

85 791 165 827 res
199 768 454 849 produnt.
539 770 658 826 Alii
683 769 919 850 denique
947 769 1040 827 ista
1062 791 1198 828 voce
1224 773 1520 850 improprie
1547 777 1750 852 igneam
1776 776 1887 831 Dei
1910 777 2073 855 legem

85 871 191 931 qua
215 853 370 910 Deus
395 851 681 908 hominem
706 850 931 909 Paradisi
957 851 1105 910 aditu
1130 850 1481 930 prohibebat,
1511 852 1703 912 additis
1730 855 1863 935 legis
1890 855 2070 913 vindi-

84 930 235 989 cibus
272 938 327 989 &
356 930 665 990 custodibus
691 934 894 1012 angelis
919 977 935 1002 ‚
991 932 1398 1014 intelligendam
1425 932 1666 994 sciscunt.
1733 937 1808 994 Et
1831 935 2065 995 conferri

81 1011 273 1086 jubent
295 1016 465 1072 Deut.
495 1035 628 1071 XXXI
648 1035 668 1070 1
689 1035 736 1072 1.
768 1036 818 1071 2.
862 1014 1080 1095 Jehova
1101 1038 1165 1071 ex
1187 1021 1339 1071 Sinai
1360 1021 1533 1084 venit,
1558 1041 1593 1074 a
1619 1016 1932 1101 myriadibus
1942 1016 2069 1094 [ακ-

84 1093 177 1149 His
189 1096 327 1170 siais,
343 1119 378 1153 a
403 1101 544 1178 cujus
566 1095 752 1153 dextra
778 1101 914 1176 ignis
941 1098 1071 1177 legis
1097 1099 1212 1179 ipsis
1235 1095 1443 1176 exstitit.
1489 1097 1653 1154 Nihil
1679 1097 2066 1178 improbabile,

82 1173 220 1232 nihil
246 1175 529 1234 inscitum:
557 1196 791 1234 attamen
817 1179 1018 1234 incerta
1045 1181 1247 1235 omnia.

164 1260 263 1313 IV.
291 1261 373 1315 At
395 1261 531 1315 ratio
558 1260 799 1315 nominis
824 1280 939 1315 non
964 1259 1177 1317 videtur
1200 1278 1310 1316 tam
1324 1257 1545 1316 obscura
1559 1262 1695 1339 quin
1712 1260 1925 1318 aliunde
1940 1280 2069 1338 pro-

80 1334 331 1395 babiliter
368 1337 546 1395 arceffi
584 1338 760 1415 possit.
848 1339 912 1394 Id
953 1339 1089 1397 mihi
1114 1341 1274 1398 credo
1300 1362 1490 1397 omnes
1517 1339 1670 1397 facile
1697 1340 1911 1398 daturos
1936 1339 2064 1412 effe,

75 1414 205 1473 haut
227 1415 478 1475 abludere
503 1441 532 1474 a
555 1419 668 1474 veri
695 1416 1044 1474 similitudine
1073 1422 1223 1497 quod
1252 1420 1519 1477 Genesios
1531 1419 1808 1478 historiam
1823 1443 1929 1479 una
1943 1443 2067 1480 cum

75 1498 296 1577 reliquis
320 1497 470 1559 libris
496 1500 554 1556 in
578 1495 786 1555 deserto
815 1494 1188 1576 conscripserit
1212 1499 1387 1574 Moses
1402 1497 1554 1577 ‚post
1578 1522 1739 1579 quam
1752 1502 2068 1561 tabernacu-

74 1577 191 1636 lum
231 1601 355 1638 cum
393 1582 547 1638 omni
587 1578 729 1637 sacro
765 1576 859 1636 suo
886 1596 1134 1658 apparatu
1158 1577 1314 1653 jussus
1338 1596 1448 1636 erat
1474 1578 1662 1636 facere.
1731 1584 1862 1639 Hoc
1887 1602 2066 1658 autem

78 1663 314 1740 contigit
337 1683 466 1719 mox
491 1659 612 1741 post
635 1663 812 1741 legem
842 1662 899 1717 in
926 1662 1073 1718 Sinai
1098 1660 1288 1718 datam.
1376 1662 1505 1735 Ejus
1529 1680 1803 1740 apparatus
1827 1683 1944 1741 pars
1968 1665 2065 1723 ali-

77 1762 184 1819 qua
207 1761 357 1800 erant
380 1741 681 1821 symbolicae
708 1741 813 1798 is‘tae
838 1743 1098 1821 imagines
1124 1741 1320 1821 quibus
1347 1740 1745 1799 cherubinorum
1756 1765 1964 1803 nomen
1979 1747 2067 1804 in-

76 1821 254 1879 ditum
290 1822 366 1880 est
393 1846 406 1879 ε
449 1845 577 1902 quas
614 1820 912 1879 coelestium
925 1828 1195 1900 geniorum
1218 1821 1540 1881 emblemata
1563 1827 1717 1881 Deus
1743 1823 1841 1882 effe
1870 1827 2062 1886 voluit.

77 1904 231 1960 Hinc
266 1902 466 1961 saelum
501 1903 597 1961 effe
627 1902 840 1960 videtur
866 1945 881 1971 ‚
926 1920 988 1959 ut
1011 1903 1188 1979 Most-s
1211 1947 1226 1973 ‚
1273 1905 1501 1982 primam
1525 1903 1749 1963 istorum
1771 1910 2063 1986 geniorum

76 1979 308 2043 fafiturus
344 1986 684 2042 mentionem
709 2027 726 2053 ‚
783 1981 1160 2041 emblematico
1201 1983 1371 2041 isthoc
1408 1987 1635 2044 nomine
1672 2009 1765 2044 eos
1792 1988 2062 2068 designare

77 2065 383 2125 consultum
406 2066 644 2135 duxerit3
688 2086 804 2122 non
829 2063 894 2122 ad
916 2064 1251 2122 emblematis
1275 2063 1506 2144 speciem
1531 2067 1807 2125 attendens
1823 2113 1837 2137 ‚
1881 2069 1971 2128 sed
1995 2070 2061 2130 ad
2143 2108 2147 2112 ·

73 2167 193 2204 rem-
214 2146 532 2205 emblemate
561 2145 927 2228 significatam.
973 2147 1159 2203 Simile
1184 2148 1493 2225 exemplum
1515 2146 1773 2204 habemus
1802 2150 1882 2206 Ps.
1903 2171 2057 2210 xv111.

79 2246 102 2283 1
121 2247 168 2286 1.
195 2234 250 2286 δε
281 2249 308 2285 2
328 2233 465 2287 Sam.
505 2250 605 2287 xx1
624 2250 671 2286 1.
719 2248 740 2284 1
761 2248 806 2284 1.
844 2229 950 2287 mn:
988 2228 1050 2293 ‘w
1089 2247 1214 2286 κη’,
1251 2239 1331 2284 (9⁹
1352 2227 1525 2284 vec‘lus
1548 2228 1613 2306 est
1626 2230 1775 2312 super
1800 2229 2054 2302 Cherub,

70 2312 357 2390 volitatque
378 2311 526 2395 super
560 2314 658 2368 aibr
678 2314 857 2366 venti:
883 2308 982 2366 ubi
1008 2331 1124 2368 non
1147 2309 1212 2367 de
1236 2306 1409 2386 specie
1434 2310 1610 2387 aliqua
1633 2308 1870 2387 figurare
1898 2314 2054 2392 cogi-

71 2390 294 2449 tandum
332 2389 409 2448 est
433 2436 450 2462 ,
492 2391 581 2452 sed
604 2392 910 2471 simpliciter
934 2390 998 2450 de
1023 2392 1226 2471 angelis
1248 2391 1378 2446 Deo
1405 2387 1666 2471 obsequia
1693 2388 1780 2446 sua
1806 2391 2053 2471 praestan-

65 2470 227 2530 tibus,
1186 2472 1187 2475 ¹

150 2559 225 2614 V.
271 2561 442 2613 Porro
469 2555 533 2614 de
556 2553 1160 2635 Emblematicafigura‚
1186 2557 1357 2636 qualis
1380 2576 1442 2612 ea
1465 2553 1574 2612 fuit
1598 2555 1655 2611 in
1680 2556 1906 2636 operculo
1921 2573 2049 2638 pro-

54 2641 326 2722 pitiatorio
360 2659 486 2695 arcae
508 2680 524 2706 ,
566 2636 676 2695 duo
701 2636 859 2694 tradit
881 2634 1058 2713 Moses
1080 2636 1254 2695 Exod.
1281 2658 1398 2694 xxv,
1435 2638 1522 2693 18.
1556 2655 1644 2708 19.
1676 2656 1765 2691 20,
1855 2638 2039 2694 Primo

66 2720 217 2799 quod
237 2720 392 2802 paffas
426 2717 711 2776 habuerint
742 2719 851 2775 alas
878 2718 1067 2797 ficrfitm
1100 2718 1270 2795 versus
1297 2763 1313 2789 ,
1368 2717 1628 2798 quodque
1656 2718 1753 2772 alis
1776 2714 1879 2773 suis
1907 2715 2043 2773 ohte-

62 2807 236 2859 xerint
247 2807 697 2886 propitiatorium:
722 2798 848 2857 dein
861 2846 876 2871 ‚
891 2800 1041 2882 quod
1052 2801 1226 2880 facies
1248 2799 1536 2858 habuerint
1556 2796 1783 2873 obversas
1793 2795 1895 2875 fibi
1917 2819 2040 2855 mu—

61 2902 162 2942 tuo
176 2926 194 2953 ‚
236 2886 477 2964 itemque
498 2882 753 2960 conversas
776 2880 848 2938 ad
861 2887 1293 2966 propiciatorium.
1342 2879 1511 2940 Unde
1540 2879 1595 2937 id
1617 2896 1763 2935 certo
1789 2880 2044 2938 concludi

64 2964 273 3045 potest,
309 2964 461 3024 fixiffe
487 2970 783 3024 animantia
805 2963 1043 3021 volucria
1056 2990 1072 3036 3
1099 2982 1152 3021 at
1174 2971 1323 3040 cujus
1349 2962 1571 3043 speciei,
1597 2977 1735 3040 quot
1761 2961 1882 3029 alis,
1908 2979 2048 3040 quot

67 3045 306 3107 faciebus
342 3048 558 3129 praedita
583 3093 598 3118 ‚
653 3053 710 3105 &
748 3066 864 3127 quae
891 3047 1087 3184 reliRui
1110 3045 1354 3125 corporis
1379 3043 1553 3102 forma
1578 3041 1743 3099 fuerit
1765 3085 1782 3111 ‚
1837 3047 1948 3116 ejus
1971 3044 2050 3099 rei

68 3130 235 3190 altum
270 3130 410 3212 apud
448 3129 633 3208 Mosen
668 3123 935 3189 silentium
966 3147 994 3185 e
1046 3171 1058 3182 .
1146 3129 1268 3184 Sive
1294 3125 1445 3208 quod
1470 3143 1548 3181 res
1574 3121 1669 3181 ista
1691 3142 1882 3181 eorum
1908 3142 2049 3180 tem-

1087 3211 1142 3264 V
1192 3228 1219 3262 2
1850 3224 2048 3282 porum
