2539 3612
696 132 744 189 L
786 148 808 189 1
851 149 903 189 Β.
948 131 993 189 Ῑ.
1083 127 1136 187 C
1178 144 1220 188 Α
1264 131 1548 189 p.V111.
2089 159 2164 218 45

145 236 490 318 usurpatum:
547 255 718 316 quum
752 232 847 293 sub
884 231 1004 313 ipsis
1040 232 1230 291 mundi
1265 233 1574 312 primordiis
1599 231 1787 313 ignem
1807 233 2171 301 flammantem

151 321 442 400 Angelicae·
462 314 743 396 praesentiae
767 313 1068 394 symbolum
1091 313 1349 372 divinitus
1376 313 1681 374 institutum
1701 316 1954 395 legamus,
2021 321 2167 380 Gen.

158 420 180 456 1
201 421 221 456 1
242 423 288 457 1.
314 396 441 457 vers.
468 399 564 453 ult.
610 396 713 469 Sed
739 402 792 453 δε
820 394 952 452 illud
977 394 1255 473 probabile
1283 393 1386 466 est,
1415 396 1664 453 homines
1689 394 1876 456 statuas
1907 401 1991 456 vel
2017 402 2170 458 colu-

149 483 328 538 mellas
364 472 617 556 tanquam
652 475 888 556 symbola
921 475 986 533 ad
1022 476 1369 555 Angelorum
1405 478 1724 534 memoriam
1759 478 2128 540 celebrandam
2150 527 2167 551 ‚

148 563 234 619 vel
268 580 456 616 eorum
491 556 820 637 praesentiam
854 555 1256 635 significandam
1284 601 1299 626 ‚
1355 559 1412 615 in
1447 560 1579 614 locis
1604 556 1890 635 praesertim
1912 563 2170 641 religioni

146 639 409 718 inscriptis
435 685 450 710 ,
497 661 648 696 more
673 636 1042 718 antiquissimo
1068 682 1083 707 ‚
1126 635 1368 716 posuiffe.
1451 644 1571 696 Imo
1598 660 1696 695 nec
1722 638 1827 697 hoc
1852 663 1980 700 vero
2007 642 2172 701 diffo-

142 743 278 779 num
300 764 317 791 ‚
373 722 620 800 Angelos
655 718 939 798 praesentiae
974 717 1071 775 suae
1096 717 1404 776 testimonia
1428 720 1565 776 circa
1588 718 1923 798 Theraphim
1946 723 2171 796 dediffe‚

143 821 306 882 atque
350 802 476 860 inde
519 803 631 858 veri
674 802 913 857 numinis
957 801 1187 856 cultores
1229 799 1413 857 seculis
1437 799 1812 881 antiquiffimis
1841 804 2055 881 quando
2100 829 2167 864 ue

143 885 403 941 allocutos
428 880 544 940 effe.
603 881 775 956 Quod
799 903 861 939 ex
885 879 1163 951 Rachelis,
1207 880 1404 938 Michae
1429 886 1482 938 &
1507 884 1832 938 Danitarum
1855 886 1991 942 circa
2014 888 2171 944 Tie-

142 963 352 1044 raphim
373 961 549 1021 studio
563 988 578 1033 3
604 961 690 1021 sed
714 964 978 1041 imprimis
1005 983 1068 1018 ex
1093 963 1309 1020 oraculo
1335 984 1429 1040 per
1454 960 1790 1040 Theraphim
1813 966 2032 1022 Danitis
2056 967 2169 1025 edi-

141 1063 202 1103 to
229 1091 244 1116 ‚
297 1044 426 1102 haut
461 1042 891 1123 improbabiliter
925 1045 1159 1122 colligas,
1242 1045 1431 1100 Deum
1467 1045 1615 1100 enim
1651 1046 1872 1122 Angelo
1900 1047 2084 1125 aliquo
2106 1051 2166 1105 in

143 1126 375 1185 consiliis
414 1124 516 1182 suis
552 1123 930 1203 patefaciendis
966 1122 1277 1204 frequenter
1307 1123 1461 1181 usum
1484 1122 1583 1181 effe
1608 1168 1623 1193 ‚
1677 1144 1777 1202 pro
1804 1144 1949 1181 certo
1975 1149 2167 1185 omnes

144 1205 417 1264 habemus.
463 1207 723 1284 Denique
750 1210 805 1261 δε
831 1205 963 1262 illud
985 1206 1045 1274 in
1068 1204 1435 1283 probabilium
1461 1204 1666 1263 claffem
1689 1203 2032 1264 referendum
2057 1206 2164 1280 est,

142 1288 294 1365 quod
316 1287 585 1343 fimulacra
608 1285 716 1340 haec
742 1287 799 1340 in
828 1286 1175 1363 Angelorum
1190 1331 1204 1354 ,
1230 1308 1467 1365 quorum
1489 1283 1725 1364 symbola
1748 1290 1804 1340 δέ
1829 1287 1972 1364 quasi
1995 1290 2164 1366 tripo-

142 1367 233 1423 des
270 1385 419 1423 erant
445 1410 461 1434 ,
518 1365 703 1421 titulos
739 1364 956 1420 tandem
991 1362 1323 1421 succefferint
1346 1410 1362 1433 ‚
1418 1372 1473 1420 &
1510 1388 1539 1421 a
1571 1372 1709 1444 Syris
1746 1365 1964 1445 aliisque
2002 1369 2167 1427 Chal-

140 1445 330 1523 daismo
354 1447 535 1504 tinffis
558 1443 897 1526 Theraphim,
942 1445 1067 1500 loco
1092 1443 1360 1526 Seraphim
1381 1446 1547 1523 vulgo
1572 1447 1828 1523 appellata
1853 1445 1969 1504 sint.
2014 1456 2165 1530 Qas

140 1526 538 1586 observationes
575 1525 684 1584 suas
711 1523 1039 1582 Clarisfimus
1062 1529 1334 1609 Spencerm
1356 1525 1666 1582 auctoritate
1695 1528 1921 1582 Cornelii
1942 1550 1977 1584 a
2001 1535 2168 1612 Lapi-

141 1608 205 1666 de
228 1631 284 1667 ac
309 1609 567 1667 Ludovz'ci
589 1607 651 1664 de
675 1610 816 1664 Dieu
843 1628 870 1664 e
895 1605 1314 1678 recentioribuS‚
1359 1609 1672 1688 Hieronymi
1695 1626 1876 1666 autem
1899 1613 1955 1664 &
1980 1614 2166 1670 Cedre-

141 1696 202 1747 m'
223 1713 250 1748 e
275 1689 654 1749 vetustioribus
669 1733 685 1757 ‚
729 1686 1066 1767 comprobat.

224 1775 345 1831 XX.
390 1774 613 1827 Horum
649 1771 901 1826 omnium
924 1767 1127 1827 summa
1150 1769 1254 1834 huc
1282 1768 1420 1828 redit
1445 1794 1458 1828 ε
1502 1788 1564 1829 ut
1586 1769 1992 1851 persuadeamur
2013 1796 2167 1833 amo<-

143 1873 259 1911 rem
284 1858 376 1909 τῶν
398 1850 713 1934 Theraphim
734 1894 749 1919 ‚
805 1871 834 1906 a
857 1849 1146 1924 majoribus
1171 1851 1427 1908 traditum
1453 1895 1470 1921 ‚
1515 1854 1573 1909 in
1601 1851 1950 1913 israelitarum
1973 1859 2169 1915 animis

140 1954 238 2013 per
269 1934 648 2014 AEgyptiorum
683 1931 993 1987 convictum
1029 1930 1351 2010 reviguisse:
1407 1935 1595 1990 Deum
1630 1946 1763 2013 ergo
1787 1978 1805 2005 ‚
1860 1959 2032 2016 quum
2067 1960 2170 2018 pro

143 2013 402 2072 immensa
438 2011 524 2069 sua
547 2012 804 2090 sapientia
827 2009 1269 2069 animadverteret
1293 2014 1557 2091 populum
1582 2016 1914 2092 pervicacem
1937 2017 2189 2078 difficili--

140 2112 222 2152 ter
246 2094 310 2152 ab
339 2098 403 2152 iis
430 2093 666 2152 avulsum
692 2094 756 2148 iri
780 2135 796 2161 ‚
841 2091 906 2149 ad
931 2112 1120 2148 eorum
1145 2091 1548 2151 similitudinem
1571 2094 1763 2152 dedisse
1788 2094 1960 2155 Ista'e'li
1983 2102 2165 2169 Urim,

140 2176 293 2256 quod
327 2194 548 2256 propter
583 2174 1021 2232 convenientiam
1056 2190 1164 2229 tam
1186 2177 1366 2251 forma
1400 2179 1562 2252 quam
1584 2174 1689 2252 usus
1714 2220 1729 2244 ,
1786 2177 2166 2256 &successionis

138 2256 285 2336 quasi
293 2262 414 2337 jure
437 2303 454 2328 ,
499 2256 692 2315 eodem
723 2253 1038 2338 Theraphim
1061 2256 1286 2311 nomine
1313 2299 1328 2323 ‚
1373 2255 1575 2334 quippe
1601 2254 1832 2328 ejusdem
1856 2280 2076 2338 quoque
2089 2264 2165 2339 fi-

128 2336 515 2417 gnificationis,
550 2336 877 2416 insigniatur.
923 2342 989 2393 In
1011 2334 1107 2392 hac
1132 2354 1311 2393 autem
1336 2338 1554 2392 materia
1577 2336 1900 2393 enucleanda
1924 2340 2166 2419 aliquan-

142 2439 202 2477 to
238 2416 437 2476 fuimus
473 2421 788 2498 prolixiores
810 2462 827 2489 ,
882 2420 1009 2500 quia
1043 2415 1286 2476 nobilior
1324 2418 1522 2475 caeteris
1562 2414 1637 2476 est
1660 2461 1677 2488 ‚
1734 2422 1789 2477 δέ
1816 2417 2164 2498 diligentiore

140 2501 382 2559 examine
408 2499 585 2581 digna,

943 2650 994 2708 C
1038 2673 1081 2711 A
1125 2670 1176 2709 P.
1259 2653 1395 2708 IX.-

361 2813 704 2883 Consensus
737 2818 1188 2903 AEgyptiorum
1212 2837 1365 2881 cum
1396 2810 1678 2881 Hebraeis
1707 2820 1766 2879 in
1797 2811 1935 2881 aliis

553 2905 926 2996 quibusdam
953 2905 1264 2997 religionis
1293 2904 1737 2973 Instrumentis.

136 3079 182 3140 Ῑ.
229 3084 442 3137 Collatio
473 3079 867 3137 Cherubinorum
895 3097 1009 3133 cum
1032 3076 1462 3156 quadriformibm
1489 3083 1668 3134 Geniis
1693 3121 1709 3145 ‚
1752 3099 1873 3156 quos
1896 3081 2156 3160 Hemptaei

217 3165 436 3220 numina
469 3167 746 3244 Stipatores
787 3163 1046 3245 eAEgyptz'i
1069 3159 1352 3297 facngant.
1419 3159 1498 3218 II.
1523 3165 1608 3218 Ex
1632 3161 1897 3241 Amyletis
1921 3166 2146 3296 {5173}ss-

1256 3262 1282 3319 3
2128 3285 2149 3312 ιι
