2539 3612
467 109 875 168 TRIBUBUS
917 95 1672 161 IsRAEL1s.CAp.1V.
1965 115 2070 174 343

100 217 268 275 buum
306 213 552 270 narratio.
608 233 649 289 4
671 213 791 268 Ezr.
807 230 872 266 x1
891 228 912 264 1
930 227 1088 284 1.40.
1154 208 1373 262 Summa
1393 202 1497 260 huc
1524 200 1677 258 redit.
1740 201 1954 258 Decem
1979 205 2079 258 tri-

99 296 199 354 bus
227 294 291 352 ab
317 292 535 370 Assyriis
562 291 878 370 deportatae,
920 307 1179 366 novoque
1205 285 1486 363 religionis
1509 304 1672 362 quam
1695 284 1754 339 in
1776 285 1944 362 patria
1966 303 2082 339 ma*

101 381 149 435 le
178 374 582 434 observaverant
609 394 788 429 amore
817 387 1007 448 captae,
1051 367 1335 425 confilium
1364 364 1460 423 sibi
1485 381 1776 443 ceperunt,
1822 383 1884 421 ut
1906 364 2090 420 reliciat

101 459 348 538 gentium
374 452 717 511 multitudine
745 455 802 510 in
826 451 1143 509 ulteriorem
1166 450 1452 527 regionem
1477 491 1492 515 ,
1537 447 1696 503 nullis
1720 467 1960 525 unquam
1984 444 2093 502 ho-

103 536 341 597 minibus
366 534 681 602 habitatam,
699 532 1177 612 proficiscerentur.
1225 532 1412 585 Tanto
1437 529 1656 584 conatui
1679 528 1888 606 rapidus
1913 524 2094 583 obsta-

103 620 196 677 bat
220 615 532 695 Euphrates,
579 615 682 672 Sed
707 613 918 678 favebat
945 613 1032 669 ille
1058 612 1153 691 qui
1179 612 1336 667 maris
1360 608 1758 688 fluminumque
1785 610 1936 689 aquis
1962 629 2098 687 prae-

105 700 252 758 fidet.
297 705 346 755 Is
383 718 541 754 venas
570 698 740 753 amnis
765 694 928 764 stitit,
971 693 1102 750 dum
1130 690 1409 750 transirent
1433 688 1686 746 Israelitae.
1730 695 1917 770 Itaque
1947 711 2093 746 anno

104 802 218 838 uno
245 785 299 836 δε
327 776 554 835 dimidio
579 778 750 858 longo
776 773 1114 855 molestoque
1141 774 1324 831 itineri
1352 768 1622 850 impensO,
1634 770 1850 828 tandem
1877 768 1934 828 in
1958 769 2095 828 desi-

104 861 334 919 deratam
359 857 457 915 fibi
481 861 765 940 regionem
788 873 1164 938 pervenerunt.
1207 855 1430 913 Dicitur
1454 871 1633 909 autem
1658 852 1746 908 illa
1770 854 1922 932 regio
1938 856 2096 907 Har-

91 943 246 1020 saret.
307 939 501 1020 Ibique
523 939 845 998 habitabunt
866 938 1032 1019 usque
1058 936 1122 994 ad
1147 955 1357 1015 tempus
1380 935 1663 1004 ultimum,
1709 934 1835 992 inde
1861 931 2099 992 reversu—

108 1026 185 1094 ri,
229 1021 438 1090 refluiS,
483 1041 547 1080 ut
574 1041 726 1093 ante,
768 1019 1057 1100 Euphratis
1081 1020 1252 1098 aquiS.

192 1106 317 1163 VII.
363 1105 540 1162 Multa
564 1126 591 1161 a
612 1105 762 1162 Viris
789 1098 1101 1161 doffissimis
1126 1098 1403 1156 observata
1428 1095 1551 1155 sunt
1568 1141 1584 1167 ,
1629 1094 1827 1176 quibus
1857 1094 2105 1154 insubida

108 1183 300 1243 fabella
323 1187 570 1243 vanitatis
600 1187 856 1264 arguitur.
911 1183 1037 1240 Nos
1063 1203 1123 1238 ea
1150 1183 1209 1239 in
1235 1180 1623 1259 compendium
1647 1176 1907 1237 dabimus.
1952 1197 1999 1234 1.
2026 1179 2109 1235 Ea

109 1288 228 1345 quae
265 1265 419 1323 falsus
452 1269 610 1324 Ezras
648 1266 810 1345 fingit
840 1286 969 1322 vero
996 1261 1276 1321 manifeste
1303 1278 1623 1340 repugnant.
1667 1264 1718 1316 Is
1744 1262 1895 1317 enim
1919 1258 2111 1317 decem

109 1347 278 1404 tribus
313 1346 415 1403 suis
452 1345 621 1403 adhuc
661 1346 998 1424 temporibus
1036 1350 1090 1400 &
1118 1342 1238 1420 post
1263 1343 1573 1422 Judaeorum
1596 1362 1624 1397 e
1648 1338 1942 1419 Babylonia
1965 1340 2110 1398 redi-

110 1448 228 1486 tum
252 1472 268 1497 ,
313 1429 370 1484 in
401 1429 584 1506 primae
612 1426 1004 1505 deportationis
1033 1426 1165 1479 locis
1189 1423 1378 1480 haefisse
1405 1464 1422 1491 ‚
1465 1423 1654 1480 diserte
1675 1467 1690 1492 ,
1734 1440 1796 1478 ut
1819 1421 1988 1480 modo
2013 1442 2111 1478 au-

109 1509 372 1578 divimus,
418 1506 650 1565 testatur.
695 1505 902 1564 Noster
930 1522 1110 1562 autem
1135 1501 1432 1573 fabulator,
1462 1505 1814 1560 revelationes
1842 1505 1952 1560 illas
1982 1504 2112 1582 qui<-

108 1589 208 1646 bus
233 1588 588 1668 profeffiiionis
614 1586 762 1646 istius
785 1607 845 1645 ut
870 1586 1082 1666 pridem
1105 1583 1251 1641 factae
1278 1585 1535 1641 meminit
1563 1628 1582 1654 ,
1625 1582 1908 1662 contigisse
1934 1602 2107 1641 narrat

110 1692 255 1728 anno
282 1670 512 1751 Judaicae
535 1672 857 1748 captivitatis
886 1691 1005 1725 xxx.
1032 1687 1143 1744 cap.
1169 1686 1191 1720 Ι
1211 1685 1231 1721 1
1251 1685 1297 1721 1.
1323 1685 1368 1721 1.

193 1757 354 1811 Vin.
411 1771 432 1806 1
455 1772 498 1808 1.
523 1750 731 1807 Falsum
756 1770 977 1829 quoque
1004 1745 1078 1804 est
1101 1746 1359 1822 Harfhret
1382 1747 1668 1825 regionem
1695 1744 1793 1802 esse
1817 1744 1882 1802 ab
1897 1747 2114 1828 Aſjjrricz

113 1835 240 1891 anni
265 1834 424 1889 unius
453 1838 508 1888 &
537 1832 750 1889 dimidii
777 1834 968 1888 itinere
994 1845 1276 1885 remotam.
1313 1829 1603 1883 Ptolomaem
1628 1828 1776 1884 enim
1792 1828 2115 1902 Arfhratam*

109 1915 304 1972 urbem
331 1915 388 1971 in
413 1912 612 1970 Media
638 1914 896 1982 collocat,
925 1912 999 1968 cis
1025 1912 1273 1966 Araxem
1297 1908 1717 1985 amnem,paulo
1746 1908 1883 1964 ultra
1909 1908 2114 1989 Caspios

113 2013 347 2054 montes.
403 1996 528 2051 Nec
554 1991 926 2073 improbabilis
953 1989 1027 2048 est
1053 1987 1482 2048 doffiffimorum
1504 1991 1747 2046 virorum
1774 1991 2111 2065 conjectura,

113 2077 178 2135 ab
219 2075 338 2155 ipsis
365 2073 606 2132 Israelitis
633 2097 756 2132 eum
780 2075 1006 2131 mecum
1032 2070 1139 2127 hoc
1169 2093 1374 2128 nomen
1404 2068 1753 2127 consecutum
1781 2069 1898 2127 effe.
1986 2073 2111 2127 Sive

112 2169 250 2216 cum·
273 2161 471 2215 Fullero
509 2156 704 2214 dictam
744 2157 874 2212 velis
900 2201 916 2226 ,
960 2172 1144 2214 Γνπκν]
1180 2171 1285 2221 Ἦν,
1330 2158 1524 2208 civitas
1545 2154 1913 2231 reliquiarum,
1958 2151 2110 2231 quod

116 2239 234 2297 satis
257 2260 449 2318 magna
471 2235 818 2294 Israelitarum
842 2258 1027 2294 manus
1056 2256 1180 2291 cum
1205 2231 1390 2290 Medis
1414 2232 1685 2311 indigenis
1712 2233 1791 2290 ibi
1816 2231 2107 2289 habitaret:

118 2320 222 2381 five
249 2339 373 2375 cum
403 2320 710 2397 Hottingero
737 2321 886 2376 malis
913 2363 928 2388 ,
974 2338 1110 2378 rww
1139 2335 1237 2384 ἾΠ,
1281 2335 1424 2371 mons
1448 2313 1753 2392 mimsterii,
1794 2311 1893 2370 ubi
1918 2312 2111 2372 servire

116 2401 253 2458 liber
280 2402 607 2478 caeteroquin
633 2397 976 2458 israelitarum
1000 2400 1232 2479 populus
1257 2393 1620 2475 subigebatur.

201 2484 294 2537 IX.
347 2501 368 2536 1
388 2502 409 2537 1
430 2501 475 2536 1.
501 2480 625 2537 Nec
649 2480 704 2538 id
729 2479 959 2560 speciem
985 2482 1219 2538 veritatis
1244 2476 1407 2535 habet
1430 2522 1446 2546 ,
1491 2495 1712 2555 gentem
1739 2476 1814 2534 ob
1841 2476 2104 2538 ferociam

117 2564 262 2622 suam
288 2583 469 2619 recens
494 2564 674 2640 patriis
698 2560 907 2621 sedibus
932 2560 1232 2642 expulsam,
1276 2559 1541 2637 omnique
1566 2578 1779 2617 exutam
1804 2559 2066 2637 potestate
2082 2604 2103 2629 ,

120 2642 435 2703 inconsultis
480 2641 727 2701 invitisve
773 2646 869 2722 qui
903 2646 1140 2724 captivos
1174 2664 1266 2700 eos
1303 2638 1616 2698 detinebant
1644 2640 1881 2698 dominis
1903 2641 2110 2698 timen-

121 2725 306 2805 disque
332 2727 605 2802 tyrannis,
650 2722 744 2781 suo
770 2724 867 2781 fibi
891 2724 1116 2783 consilio
1141 2726 1243 2782 iter
1268 2725 1326 2780 in
1352 2739 1462 2778 tam
1484 2722 1811 2800 longinquas
1835 2741 1953 2778 oras
1976 2720 2106 2779 affe-

121 2806 302 2877 crasse,
343 2812 398 2863 ὃς
422 2803 710 2885 perfecisse.
757 2805 945 2864 Caussa
971 2808 1133 2864 etiam
1161 2827 1277 2886 quae
1302 2802 1542 2862 laudatur
1566 2801 1775 2860 consilii
1802 2804 1973 2871 illius,
1999 2824 2106 2881 pu·-

121 2890 277 2946 rioris
304 2888 562 2945 nimirum
585 2888 679 2943 reli
726 2888 865 2944 ionis
888 2909 1039 2945 amor
1063 2932 1079 2958 ,
1121 2909 1255 2945 vana
1277 2881 1488 2966 prorsus
1516 2881 1607 2939 est.
1692 2882 1931 2963 Qando
1958 2886 2109 2941 enim

123 2991 264 3026 nova
290 2991 383 3026 eos
409 2966 502 3026 ista
524 2908 730 3026 incessigt
753 2968 1117 3048 religio‚quos
1142 2990 1257 3044 non
1283 2967 1460 3023 minus
1485 2967 1627 3022 inter
1649 2983 1835 3044 gentes
1861 2986 2023 3043 quam
2050 2968 2110 3022 in

123 3049 210 3110 sua
244 3051 381 3109 olim
415 3068 552 3109 terra
586 3071 791 3110 nomen
815 3051 929 3112 Dei
953 3048 1030 3109 sui
1055 3046 1345 3131 profanasse
1371 3045 1539 3107 modo
1568 3067 1631 3107 ex
1655 3045 1936 3106 Ezechiele
1961 3045 2115 3104 audi-

1902 3128 2114 3187 vimus?
