2539 3612
793 130 1609 196 L113.I.CAP.X.'
2096 152 2166 221 ‘53

164 261 246 300 res
261 288 275 313 ,
341 265 535 302 uorum
559 233 821 322 improbis
844 236 1086 299 moribus
1110 235 1384 319 pravisque
1409 238 1699 320 disciplinis
1723 239 1953 297 instituti
1977 249 2174 323 AEgyp-

165 326 259 394 tii,
303 265 527 383 iiucceffu
551 343 889 403 temporum,
935 343 1105 402 quum
1141 322 1262 377 alias
1301 320 1399 377 fibi
1434 323 1632 378 vicinas
1658 339 1873 400 genteS,
1919 341 2034 379 tum
2058 315 2172 380 ma-

165 406 308 462 xime
333 406 591 462 Hebraeos
616 450 631 475 ,
687 407 782 484 qui
806 403 992 461 iiscum
1017 403 1259 461 ducentis
1282 400 1391 457 fere
1418 405 1567 459 annis
1592 401 1937 459 morabantur
1959 448 1973 472 ‚
2019 405 2172 461 insti-

167 488 269 541 tuti
293 483 370 541 sui
393 484 621 542 habuere
646 484 937 542 sectatores
1023 483 1242 540 Secundi
1254 487 1450 561 generis
1476 482 1692 541 fuerunt
1716 486 2002 539 Salomonis
2021 490 2171 566 pelli-

161 586 268 633 ces,
312 568 557 623 mulieres
581 567 859 645 aliegenae‚
886 567 1113 622 maxime
1129 565 1415 643 AEgyptiae,
1445 584 1668 642 quarum
1694 563 1966 622 blanditiis
1992 572 2046 621 ἃ
2072 566 2173 622 do-

160 642 273 701 loso
300 668 477 703 amore
502 645 647 704 sacrae
672 649 833 704 literae
857 654 1004 721 ajunt
1028 647 1296 701 irretitum
1323 645 1697 713 Salomonem,
1742 643 1890 714 fana,
1930 668 2062 715 araS,
2090 649 2173 703 lu-

159 745 249 797 cos
276 725 672 798 exstruxiffe3&
696 728 842 786 idola
867 729 1018 807 queis
1044 726 1320 784 adolerent
1348 723 1576 781 erexiss'e.
1608 726 1778 798 Cujus
1802 748 1963 803 pravo
1991 748 2173 785 exem-

157 805 249 882 plo
275 804 472 865 seduc'ti
500 811 673 867 caeteri
696 807 1006 866 fiicceffores
1035 813 1144 882 ejus
1169 804 1348 886 Reges
1366 802 1549 875 Israel,
1597 805 1632 862 fi
1656 827 1852 885 paucos
1876 812 2140 886 exceperis
2156 856 2170 881 ‚

154 907 343 945 omnes
368 889 493 947 huic
518 889 772 968 improbo
799 891 967 947 cultui
989 886 1259 945 adhaesere.

236 973 331 1028 IX.
377 972 576 1050 Neque
601 968 831 1050 speciosa
853 991 1020 1049 pravae
1043 968 1197 1042 hujus
1222 969 1573 1026 aemulationis
1599 970 1787 1042 cauffiz,
1805 987 2048 1050 praetexta
2073 969 2169 1028 sal-

152 1065 293 1121 tem,
339 1050 506 1109 deesse
534 1051 828 1109 videbatur.
873 1049 1159 1109 Probabile
1186 1052 1332 1106 enim
1358 1049 1462 1107 fuit
1488 1051 1676 1106 carnali
1703 1051 1938 1126 popuIO,
1965 1073 2021 1106 ac
2048 1050 2167 1108 sen-

151 1127 304 1188 suum
327 1132 692 1210 voluptatibus
720 1131 969 1190 immerso
994 1176 1010 1201 ‚
1065 1154 1125 1188 ea
1147 1133 1430 1210 amplexari
1453 1132 1703 1209 dogmata
1726 1173 1742 1197 ‚
1800 1152 2033 1207 quorum
2058 1153 2163 1211 ope

150 1210 216 1266 ad
239 1215 404 1269 totius
429 1211 696 1269 felicitatis
719 1216 925 1290 apicem
948 1211 996 1270 se
1022 1231 1372 1290 perventuros
1395 1209 1687 1289 sperabant.
1742 1210 1835 1266 Ad
1860 1232 2020 1290 quam
2043 1234 2167 1290 per-

149 1289 441 1348 suasionem
466 1293 883 1369 ingenerandam
906 1293 1189 1372 tranquilla
1213 1293 1301 1348 illa
1323 1335 1339 1361 ,
1395 1290 1613 1369 pacifica
1636 1336 1652 1361 ‚
1708 1311 1764 1346 ac
1790 1290 2023 1370 denique
2050 1292 2167 1350 for-

149 1369 469 1428 tunatisfima
495 1373 875 1450 AEgyptiossrum
898 1373 1039 1442 vita,
1083 1392 1244 1447 quam
1269 1370 1526 1427 indefeffo
1554 1372 1825 1427 idolorum
1851 1375 2046 1442 cultui,
2088 1372 2167 1431 sa-

146 1451 364 1509 crificiis
389 1449 605 1530 aliisque
633 1453 814 1529 impiis
839 1449 1066 1519 artibuS,
1096 1471 1193 1505 ceu
1216 1452 1386 1506 unicae
1411 1448 1615 1517 cauffae,
1643 1452 1862 1527 accepto
1889 1451 2161 1525 ferebant,

144 1533 204 1589 in
228 1534 418 1590 animis
440 1531 730 1591 hominum
753 1534 887 1589 male
911 1530 1226 1588 feriatorum
1248 1551 1508 1610 magnum
1531 1530 1744 1608 pondus
1767 1530 1968 1587 habuit.
1994 1537 2164 1613 Qod

136 1614 229 1671 vvel
264 1636 327 1671 ex
366 1613 469 1671 hoc
494 1616 659 1672 unico
683 1612 1025 1672 manifestum
1048 1610 1146 1669 effe
1171 1609 1374 1691 potest:
1403 1633 1573 1690 quum
1600 1617 1936 1694 eAEgyptiaca
1960 1611 2054 1669 hac
2082 1615 2165 1672 fe-

141 1694 341 1752 licitate
371 1716 428 1752 ac
454 1694 593 1753 fama
615 1718 794 1753 rerum
818 1692 1256 1753 memorabilium
1280 1695 1440 1750 exciti
1465 1714 1579 1748 non
1594 1691 1800 1748 Hebraei·
1823 1710 2058 1763 tantum,
2076 1694 2164 1755 sed

137 1778 201 1830 δε
225 1772 374 1851 Perfie
398 1820 413 1844 ‚
458 1776 667 1832 Arabes
691 1821 706 1846 ‚
751 1777 1007 1832 Phoenices
1031 1818 1046 1843 ‚
1091 1780 1203 1855 Syri
1227 1818 1242 1843 ,
1288 1772 1559 1854 Babylonii
1585 1816 1601 1841 ,
1647 1778 1837 1842 Graeci,
1884 1795 1949 1830 eo
1976 1777 2159 1834 animo

136 1857 202 1912 in
232 1859 536 1935 AEgyptum
560 1855 661 1913 sese
689 1857 1123 1923 contulerint-‚ut
1147 1852 1374 1910 mirifica
1398 1855 1485 1910 illa
1497 1853 1894 1933 disciplinarum
1910 1857 2161 1914 Sacerdo-

138 1937 330 1993 talium
354 1939 674 2017 cognitione
700 1936 923 2005 imbuti,
950 1955 1245 2014 eorumque
1270 1955 1375 2012 ope
1400 1955 1713 1991 arcanorum
1737 1938 2010 2013 Istacomm
2033 1935 2159 1996 faeti

140 2020 423 2096 participes
451 2062 468 2087 ,
514 2039 631 2074 eam
656 2038 1061 2097 quoque-quam
1086 2017 1325 2093 AEgyptii
1348 2013 1661 2071 felicitatem
1685 2015 2155 2096 consequerentur.
2184 2056 2188 2060 Α

140 2097 346 2156 Omnia
381 2097 489 2156 haec
527 2097 691 2157 fidem
727 2097 932 2155 faciunt
965 2093 1212 2152 Israelitas
1247 2097 1432 2174 pronis
1466 2097 1659 2154 animis
1680 2098 1847 2153 multa
1872 2102 2159 2178 AEgyptio-

76 2220 81 2224 -
138 2200 260 2236 rum
286 2179 420 2237 sacra
442 2182 712 2258 amplexos
736 2177 850 2236 effe.
1533 2179 1537 2183 ’

223 2263 290 2317 Χ.
337 2261 440 2318 Sed
477 2283 591 2318 non
633 2259 738 2317 fuit
765 2263 828 2318 iis
852 2262 1038 2320 eadem
1062 2261 1294 2317 voluntas
1308 2257 1460 2336 sacra
1473 2257 1569 2334 fita
1592 2279 1705 2314 cum
1728 2263 1845 2315 aliis
1870 2264 2155 2316 commun-i-

141 2341 315 2396 candi.
344 2341 734 2399 Gloriabantur
758 2343 934 2423 legem
961 2341 1059 2400 effe
1087 2341 1425 2398 haereditatem
1447 2361 1510 2396 ac
1523 2342 1782 2422 peculium
1806 2343 2026 2417 Ecclefiae
2041 2342 2152 2420 Ja-
2175 2348 2366 2419 Μρῐεῑιμ

135 2421 239 2478 cob.
266 2424 433 2478 Deut.
461 2443 593 2479 xxx1
613 2443 634 2477 1
654 2443 700 2479 1.
725 2446 780 2501 4.
808 2424 1048 2504 adeoque
1075 2421 1172 2480 fibi
1197 2424 1498 2501 propriam,
1524 2442 1700 2500 neque
1725 2419 1977 2500 gentibus
2006 2424 2152 2492 aliis,
2178 2414 2264 2445 ¹³³·

136 2522 232 2580 per
263 2502 561 2560 verlionem
584 2505 815 2583 aliquam
838 2508 894 2563 in
916 2504 1206 2585 profanum
1229 2502 1531 2560 sermonem
1554 2547 1571 2572 ‚
1627 2502 2144 2559 communicandam.
2168 2540 2323 2595 Joseph.
2339 2547 2419 2585 An-

135 2584 362 2641 Miranti
385 2585 681 2642 Ptolomaeo
708 2584 1054 2666 Philadelpho
1081 2607 1173 2642 cur
1195 2587 1379 2664 legum
1401 2582 1760 2641 Mosaicarum
1783 2604 1881 2638 nec
1907 2580 2148 2641 Histori-
2170 2595 2380 2656 riq-liban
2395 2613 2429 2638 r.

136 2682 325 2723 corum
360 2686 459 2722 nec
496 2670 779 2722 Poetarum
803 2666 1084 2748 quisquam
1107 2662 1430 2724 meminisset
1453 2710 1469 2734 ,
1525 2662 1800 2742 respondit
1823 2666 2151 2736 Demetrius,
2167 2659 2245 2739 {5²³¹}
2266 2662 2324 2690 ¹¹·
2340 2663 2382 2691 ¹¹³

135 2746 414 2822 Divinitus
458 2745 634 2820 dediffi'
661 2766 826 2829 poenaes
865 2749 1099 2826 quostiam
1133 2754 1222 2827 qui
1255 2769 1340 2803 eas
1362 2746 1681 2822 solicitaffi’nt
1705 2765 1723 2799 .·
1777 2743 2148 2826 ‘Theopompum

133 2844 296 2883 mente
320 2871 337 2897 ,
388 2824 696 2884 Theodefben
728 2827 837 2903 visu
870 2828 1096 2888 orbatum
1106 2828 1269 2907 fuiffe
1354 2825 1588 2884 Accedit
1613 2824 1762 2905 quod
1784 2822 1978 2902 Judaeis
2002 2827 2150 2883 nulla<

131 2907 423 2965 admodum
447 2929 570 2965 cum
594 2911 783 2965 exteris
811 2908 1138 2969 consuetudo
1165 2907 1725 2985 intercefferit3neque
1752 2902 1994 2961 visebant
2015 2927 2108 2963 eos
2122 2951 2138 2976 ‚
2165 2949 2291 2987 ecurt

131 3009 310 3066 neque
333 2987 396 3046 ab
424 2990 486 3045 iis
510 2988 823 3047 visebantur.
881 2995 998 3046 Nos
1023 3035 1039 3061 ,
1082 2993 1264 3070 inquit
1285 2987 1558 3071 Josephm‚
1602 3008 1756 3065 neque
1778 3002 1969 3040 terram
1990 2984 2140 3042 habi—
2165 2980 2392 3052 Apion'dib.

130 3066 296 3124 tamus
319 3076 666 3141 maritimam,
690 3093 844 3151 neque
865 3069 1284 3151 negotiationibus
1298 3069 1581 3149 gaudemus
1599 3112 1613 3138 ,
1631 3088 1786 3146 neque
1808 3088 1982 3123 earum
1997 3069 2138 3143 cauf-
2168 3066 2202 3095 ¹¹

115 3146 182 3227 fic
205 3168 319 3209 cum
341 3153 467 3217 aliis
489 3151 887 3231 conficetudinem
909 3150 1174 3224 habemu53
1185 3150 1276 3290 [ἕ
1288 3149 1429 3211 urbes
1452 3150 1616 3231 nostrae
1630 3149 1810 3231 procul
1822 3147 1940 3226 sunt
1965 3169 2000 3206 a
2021 3170 2144 3204 ma-

1322 3254 1346 3309 3
2039 3249 2118 3300 ΗΞ
