2539 3612
468 144 1092 205 FuLMmATRicE
1134 137 1827 198 CHRISTIANORUM.
2015 140 2148 218 '⁷45¹

230 251 462 310 XLVII.
507 251 648 308 Non
685 249 796 308 fine
821 246 994 327 specie
1018 243 1128 302 haec
1158 243 1441 302 dicuntur:
1486 260 1538 300 at
1564 262 1662 300 nec
1688 242 1812 299 talia
1836 238 1985 312 sunt,
2030 244 2157 322 qui-

144 330 248 388 bus
277 330 415 388 nihil
440 334 615 411 regeri
640 329 819 410 possit.
883 332 970 385 Ac
996 329 1159 383 literae
1183 324 1405 405 quidem
1433 325 1530 381 illae
1557 325 1746 404 quanti
1772 321 1873 381 sint
1900 320 2158 380 aestiman-

146 413 224 471 dae
249 457 265 480 ‚
309 434 439 470 mox
477 411 851 470 indicabimus.
946 407 1245 467 Veteri-imi
1285 404 1718 464 Christianorum
1758 426 1928 484 quum
1963 407 2160 460 milites

147 493 394 564 laudant,
438 516 553 552 non
592 491 812 572 quidem
848 491 1008 547 unius
1044 491 1163 545 iilos
1207 493 1449 566 Legionis
1490 484 1640 542 fuisse
1671 486 1867 543 dicunt
1880 511 1896 555 3
1941 483 2030 543 sed
2057 505 2158 542 nec

148 592 370 652 negant.
456 579 544 632 Ac
571 591 750 631 tantus
779 569 1026 651 profecto
1059 566 1352 625 Christiani
1382 569 1609 645 Spiritus
1635 588 1701 622 eo
1731 586 1976 646 tempore
2002 566 2160 623 ardor

148 652 286 722 fuit3
330 675 390 712 ut
435 654 561 711 sacri
603 655 746 732 ignis
790 652 950 710 instar
992 652 1167 707 vicina
1205 670 1428 728 quaeque
1455 650 1823 726 corrupuerit:
1870 646 2159 726 similisque

148 733 258 792 fuit
282 736 570 814 Euangelii
595 734 755 803 fides,
801 753 1093 812 paucorum
1119 732 1355 809 primum
1381 731 1572 786 animis
1603 747 1894 806 concepta,
1920 727 2160 784 fermen-

151 817 194 872 ti
218 817 437 890 alicujus
464 814 615 894 quod
638 814 787 871 brevi
810 832 981 871 totam
1007 809 1196 869 infecit
1220 809 1446 868 maffam.
1490 816 1640 866 Pone
1665 812 1926 888 Legionis
1960 811 2160 865 Primi·-

152 898 358 952 cerium
384 895 603 954 Christo
634 893 825 953 dedifie
851 893 1014 952 fidem
1030 937 1046 962 ,
1073 910 1231 969 atqu-e
1264 890 1519 948 invenisse
1548 892 1983 969 aliquammultos
2015 888 2156 964 ejus-

154 976 277 1034 dem
303 975 449 1034 sectae
476 977 702 1044 milites;
746 996 1002 1054 parumne
1029 971 1285 1030 credibile
1311 970 1414 1040 est,
1460 992 1585 1028 eum
1611 977 1666 1027 δε
1693 972 1825 1028 alios
1851 969 2156 1029 consimiles

151 1056 466 1137 quaesivisse,
510 1059 641 1114 alios
672 1058 834 1113 etiam
860 1057 955 1137 qui
982 1054 1167 1111 eadem
1193 1051 1327 1109 sacra
1350 1050 1680 1109 se&abantur
1704 1055 1888 1130 quavis
1916 1053 2033 1109 data
2056 1073 2155 1109 oc-

151 1136 361 1194 casione
399 1138 463 1195 ad
492 1158 617 1194 eum
649 1135 988 1205 confluxisse,
1036 1153 1097 1191 ut
1120 1133 1188 1190 fic
1215 1134 1516 1211 paullatim,
1561 1132 1600 1190 fi
1624 1153 1740 1189 non
1770 1135 2002 1189 omnino
2031 1154 2153 1190 om-

154 1239 277 1287 neS,
322 1220 565 1297 plerique
595 1217 776 1274 saltem
806 1215 1099 1274 Christiani
1124 1215 1250 1271 iacffi
1280 1212 1418 1271 sint?

242 1301 654 1357 XLV111.H0c
685 1297 854 1355 modo
880 1298 1158 1354 collectam
1183 1292 1432 1351 existimo
1460 1293 1726 1353 celebrem
1753 1315 1868 1355 eam
1892 1291 2155 1350 Thebaeaem

153 1383 459 1456 Legionem,
505 1401 621 1457 quae
649 1377 743 1435 sub
773 1381 1104 1434 Diocletiano
1130 1381 1186 1436 δεῖ
1212 1379 1561 1432 Maximiano
1590 1373 2011 1455 Imperatoribus
2039 1395 2156 1430 me·-

151 1461 292 1528 ruit,
338 1463 423 1528 δε,
465 1476 527 1514 ut
568 1459 710 1514 Aefia
742 1479 843 1514 nos
868 1459 1095 1527 docent,
1139 1455 1404 1514 militibus
1429 1454 1703 1514 constabat
1726 1455 1888 1513 sexies
1916 1452 2157 1512 millibus

150 1538 412 1598 sexcentis
436 1537 706 1617 sexaginta
730 1538 815 1596 {ex
830 1579 849 1611 ,
865 1536 1183 1593 Christianis
1208 1535 1495 1605 omnibuS,
1512 1538 1609 1615 qui
1634 1535 1872 1615 glorioso
1903 1537 2155 1614 martyrio

152 1620 219 1677 ad
257 1626 548 1698 Agaunum
583 1621 794 1688 vicum,
839 1616 989 1696 quod
1013 1615 1148 1674 sacra
1171 1617 1298 1672 Diis
1321 1616 1642 1678 Gentilibus
1669 1616 1839 1674 facere
1867 1633 2156 1696 negarent,

152 1698 398 1758 defunc&
426 1699 564 1756 sunt.
634 1700 805 1772 Cujus
834 1700 911 1754 rei
935 1695 1212 1754 historiam
1235 1694 1458 1771 copiose
1488 1712 1648 1775 atque
1675 1698 1995 1776 eloquenter
2020 1717 2157 1755 con-

155 1780 356 1860 scripsit
378 1780 674 1837 Eucherius.
759 1780 885 1834 Nos
913 1798 1011 1855 pro
1039 1774 1286 1832 instituto
1315 1773 1500 1831 nostro
1522 1776 1630 1832 haec
1656 1779 1878 1854 paucula
1903 1798 2157 1856 excerpe-
2196 1837 2200 1841 ,

153 1883 291 1920 mus.
338 1866 529 1939 Qum
568 1863 945 1916 Maximianus
970 1856 1244 1914 decimum
1268 1875 1542 1935 quemque
1566 1855 1798 1917 interfici
1822 1856 2036 1930 justiffet
2059 1878 2155 1936 per

155 1942 510 2021 apparitoreS,
554 1942 652 2020 qui
692 1942 911 1998 nemine
938 1954 1268 2018 repugnante
1293 1933 1447 1992 facile
1477 1940 1550 1994 im
1593 1939 1767 1994 erium
1794 1936 1916 1994 sunt
1938 1935 2156 1994 exsecu-

155 2026 228 2082 ti:
274 2043 450 2102 eoque
489 2022 750 2100 supplicio
787 2021 1033 2100 peraftO,
1077 2014 1442 2096 superstitibus
1467 2039 1527 2075 ea
1566 2040 1653 2075 em
1679 2039 1794 2097 quae
1821 2036 1943 2076 ante
1970 2020 2156 2096 praeci-

157 2121 337 2183 peret3
381 2102 448 2160 fic
471 2123 663 2159 omnes
694 2100 1049 2180 respondent:
1093 2101 1313 2156 [Milites
1341 2098 1578 2175 quidem,
1624 2098 1810 2175 Caefnr,
1855 2099 2154 2175 miſsimus,

156 2183 324 2244 &ad
346 2183 677 2262 defensionem
702 2181 1000 2265 Reipublicae
1017 2185 1248 2237 Romame
1270 2198 1421 2236 aerma
1442 2181 1739 2264 suscepimus
1754 2201 1771 2236 .·
1817 2201 1908 2239 nec
1929 2203 2155 2259 unquam

156 2282 249 2323 aut
280 2264 547 2339 defin-tores
582 2261 851 2333 bellorum,
893 2279 985 2319 aut
1012 2260 1296 2345 proditores
1331 2264 1528 2318 militia
1549 2265 1782 2341 fuimus,
1824 2277 1916 2318 aut
1946 2267 2154 2342 'ignava

141 2344 456 2426 formidinis
491 2348 766 2400 meruimus
775 2341 946 2418 fiebire
955 2342 1279 2425 fiipplicium.
1364 2343 1493 2399 Tuis
1528 2350 1685 2400 etiam
1707 2340 2155 2423 obtemperaremus

148 2430 407 2510 praceptis
429 2467 448 2494 ,
504 2425 600 2502 nisi
651 2423 871 2502 instituti
911 2422 1101 2502 legibus
1141 2423 1452 2502 Christianis
1478 2465 1495 2492 ,
1548 2423 1823 2481 daemonum
1864 2425 2030 2480 cnlt'us
2075 2434 2156 2481 (θ’

156 2529 281 2565 aras
308 2506 560 2584 snnguine
590 2508 804 2586 pollutae
846 2511 1147 2562 vitaremus.
1234 2512 1369 2583 Quo
1412 2503 1657 2567 sermone
1701 2501 2060 2582 protestantur
2083 2502 2154 2574 se,

154 2587 506 2667 quantumvis
541 2581 906 2657 Christianos,
945 2587 1090 2644 nulla
1112 2586 1355 2650 militaris
1379 2584 1667 2665 disciplinae
1692 2582 1960 2663 obsequia·
1975 2584 2155 2642 detre-

155 2669 332 2727 ἂαίΐε.
1506 2667 1520 2670 ”

237 2753 435 2809 XLIX.
478 2754 648 2809 Porro
688 2746 1124 2807 Christianorum
1174 2750 1426 2808 omnium
1474 2744 1552 2804 est
1593 2745 1849 2803 intendere
1887 2745 2150 2804 Orationi,

155 2830 334 2909 Qod
357 2833 595 2891 militum
620 2849 839 2909 quoque
864 2830 921 2887 id
947 2850 1151 2887 nomen
1178 2830 1555 2909 profitentium
1580 2823 2068 2908 frequentissimum
2083 2820 2152 2879 si-

155 2913 272 2969 mul
309 2931 367 2968 ac
406 2909 763 2975 dulcissimum
796 2909 949 2968 fuisse
993 2911 1308 2974 exercitium
1332 2958 1349 2983 ,
1393 2911 1514 2992 quis
1551 2906 1809 2965 dubitet?
1853 2903 2148 2964 Praesertim

155 2992 255 3050 ubi
278 2991 344 3050 ad
366 2994 606 3070 prae'lium
631 2990 863 3050 eundem
891 3009 1027 3060 erat,
1044 3009 1134 3048 aut
1157 3014 1327 3071 quum
1353 2991 1624 3051 fervorem
1651 2985 2015 3055 inflammabat
2041 2980 2148 3039 dis-

158 3074 399 3134 tri-minis
432 3074 696 3135 atrocitas.
759 3073 884 3133 Nec
920 3093 1020 3152 pro
1039 3070 1095 3130 se
1126 3070 1300 3210 sollum
1326 3095 1385 3133 ac
1412 3072 1548 3144 suis,
1591 3067 1681 3129 sed
1703 3069 2028 3135 nominatim
2031 3080 2144 3201 Ipr·

1106 3155 1152 3211 L
1197 3154 1216 3211 1
1263 3173 1292 3211 2
1788 3175 1795 3181 ·
1941 3175 1945 3178 ’
1985 3171 1994 3176 ·
2028 3174 2031 3177 ·
2064 3163 2147 3200 ¹⁸³·
