2539 3612
423 121 535 187 <342
1105 103 1247 162 DE
1328 103 1725 162 DECEM

424 230 619 269 xxxv1.
645 229 735 283 19.
755 227 842 266 20.
887 204 1110 289 Disperfi
1139 226 1218 261 eos
1248 210 1303 261 in
1317 223 1529 285 gentes,
1539 206 1701 289 sparst
1713 205 1832 282 sunt
1850 225 1943 290 per
1969 211 2196 287 regiones
2213 205 2415 285 ‚ficun-
2456 279 2463 286 ·

426 290 553 347 dum
574 296 722 347 viam
747 309 943 356 eorum,
990 299 1069 343 (φ’
1079 283 1355 361 secundnm
1378 286 1598 343 ac‘liones
1621 309 1789 343 eornm
1799 288 2050 369 judicavi
2076 311 2169 345 eos.
2236 294 2415 345 Etiam

428 394 586 450 quum
621 372 857 443 vemffient
895 373 951 423 in
972 383 1149 445 gentes
1174 388 1267 445 quo
1290 385 1537 423 venerunt
1565 413 1581 438 ‚
1605 371 1853 443 stmiliter
1868 371 2217 452 profanarum
2240 389 2418 424 nomen

416 451 709 528 ssmfhtasis
725 470 856 507 meae.
899 446 1110 504 Tobias
1155 468 1346 504 omnes
1362 449 1561 524 fratres
1585 470 1648 506 ac
1660 452 1882 528 gentiles
1897 450 2010 526 suos
2027 455 2082 504 in
2098 451 2305 529 Affyria
2331 469 2415 504 co-

430 530 623 604 medff·
649 528 783 586 cibos
795 533 1029 609 gentium
1054 530 1422 607 conqueritur.
1467 528 1617 585 Tob.
1646 550 1692 586 1.
1715 550 1735 585 1
1756 549 1804 586 1.
1829 529 2068 609 Ideoque
2098 535 2153 586 δε
2177 528 2369 586 deserti
2392 551 2420 587 a

431 612 562 668 Deo
586 609 736 680 sunt,
781 632 945 689 quem
968 609 1032 666 ad
1057 631 1149 666 eos
1176 607 1460 688 prophetas
1485 609 1671 667 misisse
1687 654 1701 679 ,
1750 613 1928 688 quales
1953 610 2017 668 ad
2041 609 2253 691 Judaeos
2280 608 2420 667 misit

434 693 494 748 in
522 693 829 769 captivitate
856 689 1211 769 Babylonica,
1260 712 1375 746 non
1402 691 1728 748 invenimUS.

513 776 616 829 IV.
659 774 937 850 Deinceps
966 790 1145 828 tamen
1170 789 1379 827 tantum
1405 773 1469 828 iis
1497 773 1772 850 captivitas
1797 771 1953 851 Jndae
1978 770 2185 851 profuit
2213 812 2232 844 9
2274 789 2335 828 ut
2359 769 2424 828 ab

429 874 497 910 eo
526 870 773 932 tempore
799 853 1249 909 communionem
1273 853 1506 930 aliquam
1531 874 1656 909 curn
1680 853 1886 930 populo
1913 856 2025 909 Dei
2052 859 2106 909 δέ
2142 852 2426 931 Prophetis

429 941 541 1007 ejus
563 933 757 991 habere
783 935 1101 1012 inceperint.
1135 933 1285 989 Nam
1311 954 1483 1012 quum
1506 933 1695 991 iisdem
1720 935 1935 1012 utrique
1960 936 2222 991 Dominis
2247 932 2424 992 flabel-

431 1014 548 1073 sent
571 1060 586 1085 ‚
631 1033 827 1072 mutuo
868 1013 1106 1094 quodam
1141 1032 1203 1070 ut
1230 1015 1538 1071 calamitatis
1562 1059 1578 1083 ‚
1627 1015 1701 1070 ita
1726 1019 1781 1070 δε
1806 1011 2046 1071 fraterna:
2081 1014 2345 1071 charitatis
2375 1019 2430 1070 δε

432 1098 744 1176 religionis,
788 1097 1009 1154 vinculo
1039 1095 1278 1173 colligati
1302 1092 1468 1151 fuere.
1534 1097 1743 1151 Divina
1766 1093 1822 1151 id
1852 1096 1924 1151 ita
1949 1093 2268 1174 disponente
2299 1115 2428 1172 pro-

432 1177 702 1248 videntia,
744 1195 804 1234 ut
830 1180 926 1256 qui
951 1177 1200 1254 contigui
1224 1173 1438 1232 fuerant
1462 1177 1520 1231 in
1549 1195 1685 1233 terra
1709 1178 1954 1254 propria,
1987 1177 2238 1254 contigui
2267 1177 2430 1232 etiam

432 1255 620 1315 forent
654 1262 712 1315 in
750 1277 887 1315 terra
922 1259 1093 1314 aliena
1120 1282 1134 1314 ε
1180 1274 1241 1312 ut
1281 1277 1415 1336 quos
1448 1258 1692 1314 univerat
1716 1258 1870 1312 Deus
1897 1254 2246 1335 promiffione
2270 1276 2432 1313 voca-

431 1341 600 1395 tionis
625 1339 722 1397 suae
747 1341 884 1397 olim
910 1338 1130 1408 futurae,
1172 1340 1315 1395 uniti
1340 1339 1503 1393 etiam
1526 1336 1709 1394 forent
1733 1339 1789 1392 in
1817 1336 2002 1394 iisdem
2028 1337 2427 1415 propemodum

430 1416 671 1491 sedibus,
716 1418 899 1478 saltem
923 1418 1016 1476 sub
1048 1420 1234 1477 iisdem
1257 1419 1519 1475 Dominis
1537 1462 1552 1486 ,
1598 1439 1709 1497 quo
1735 1440 1842 1475 una
1865 1437 2200 1477 vocarentur.
2276 1420 2430 1497 Jere—

432 1503 565 1558 mias
589 1501 745 1576 juffus
772 1501 846 1563 est
871 1501 934 1559 ad
959 1501 1341 1580 poenitentiam
1370 1519 1461 1555 eos
1487 1501 1743 1569 invitare,
1781 1504 1836 1556 &
1869 1496 2288 1555 misericordiam
2317 1501 2429 1555 Dei

434 1584 697 1661 polliceri.
742 1585 851 1664 Jer.
873 1603 894 1638 1
915 1602 936 1636 1
956 1604 997 1638 1.
1021 1601 1041 1636 1
1059 1603 1104 1638 1.
1130 1602 1151 1636 I
1168 1602 1215 1636 2.
1260 1577 1511 1635 Ezechiel
1535 1601 1757 1657 quoque
1784 1579 1847 1636 de
1876 1600 2064 1634 eorum
2091 1576 2427 1636 reass'umtio—

434 1684 505 1720 ne
532 1666 845 1721 vaticinatus
872 1662 944 1719 est
971 1660 1257 1738 Capitibus
1282 1664 1731 1715 xxxv1.&xxxv1
1752 1679 1798 1714 1.
1847 1665 2092 1735 Quarum
2118 1658 2431 1737 prophetia-

435 1765 556 1800 rum
579 1766 670 1801 eos
695 1765 788 1823 per
813 1745 932 1821 pios
959 1742 1171 1823 Judaeos
1197 1757 1477 1818 compotes
1503 1739 1602 1796 esse
1625 1736 1821 1808 fa&08,
1849 1761 1941 1818 par
1966 1738 2040 1796 est
2065 1739 2291 1796 credere.
2337 1747 2430 1797 In-

436 1823 666 1881 dubium
691 1869 705 1893 ‚
750 1824 1040 1880 Danielem
1077 1844 1134 1879 ac
1160 1823 1332 1878 socios
1356 1819 1595 1899 satrapias
1623 1818 1733 1876 suas
1757 1825 1810 1876 δέ
1838 1818 2166 1898 praefec'iuras
2193 1819 2426 1878 habuiffe

436 1906 496 1962 in
523 1906 586 1961 iis
614 1903 832 1984 Assyriae
857 1906 990 1960 locis
1014 1902 1111 1960 ubi
1135 1903 1370 1960 israelitae
1399 1900 1664 1980 degebant
1683 1946 1698 1971 ‚
1720 1904 1792 1958 ita
1818 1899 1999 1957 saltem
2026 1920 2086 1958 ut
2114 1905 2395 1959 communi
2413 1938 2426 1946 ·

438 2007 552 2042 care
580 2008 703 2044 cum
729 1988 793 2043 iis
819 2008 880 2042 ea
900 1987 1212 2065 potuerint,
1252 2005 1367 2063 quae
1392 2001 1452 2038 ut
1478 1984 1940 2038 communicarent
1964 1984 2131 2058 pietas
2160 1980 2423 2040 suadebat.

146 2063 372 2160 amiqsslib.
439 2069 604 2124 Certe
630 2069 921 2126 Danielem
949 2065 1200 2148 Josephus
1223 2064 1383 2122 tradit
1407 2061 1686 2119 Ecbatanis
1714 2065 1770 2119 in
1795 2062 1995 2118 Media
2017 2061 2198 2121 vixifl'e
2214 2066 2427 2132 ,8636-

143 2131 312 2174 2.cap.u
331 2130 358 2160 τ’
435 2151 612 2228 giam,
656 2147 1143 2207 artificiosissimum
1166 2167 1222 2203 ac
1247 2143 1569 2222 stupendum
1592 2145 1746 2222 plane
1775 2165 1911 2222 opus
1933 2186 1951 2219 ,
1999 2142 2265 2202 aedificasse
2280 2189 2296 2214 ‚
2332 2166 2428 2202 cu-

437 2237 518 2307 jus
544 2230 782 2289 custodia
806 2251 873 2286 eo
897 2229 1122 2285 nomine
1148 2226 1212 2284 ad
1234 2224 1341 2282 sera
1363 2224 1527 2304 usque
1550 2243 1823 2303 tempora,
1864 2230 1919 2282 δε
1946 2225 2104 2306 ipsius
2129 2227 2426 2283 etiamnum

439 2311 660 2392 Joftphi
681 2332 823 2380 neve),
867 2308 1054 2388 Judaeo
1082 2308 1239 2365 alicui
1267 2305 1523 2363 sacerdoti
1553 2306 1879 2363 credebatur.

524 2396 599 2450 V.
651 2393 794 2448 Fieri
829 2388 1052 2468 quidem
1077 2391 1260 2467 potuit
1283 2407 1344 2445 ut
1367 2386 1559 2466 finguli
1584 2389 1794 2468 aliquot
1817 2432 1834 2456 ,
1889 2390 1976 2446 vel
1999 2388 2231 2467 pauculae
2259 2390 2422 2446 etiam

439 2471 656 2530 familiae
677 2469 1043 2537 Isra'e'litarum,
1057 2471 1114 2527 in
1136 2471 1389 2526 ulteriora
1413 2487 1669 2525 terrarum
1692 2470 1966 2548 paullatim
1991 2469 2193 2527 fuerint
2210 2468 2386 2548 dilapsi
2407 2493 2420 2526 z

437 2574 631 2632 corpus
655 2570 862 2619 tamen,
904 2572 967 2609 ut
991 2553 1064 2608 ita
1089 2549 1290 2620 dicam,
1315 2556 1371 2608 &
1396 2549 1703 2608 universitas
1728 2552 1948 2629 populi,
1976 2553 2032 2608 in
2058 2549 2270 2609 sedibus
2296 2572 2424 2629 quas

433 2633 649 2693 domini
675 2632 1055 2713 assignaverant
1078 2631 1282 2691 mansit.
1316 2652 1344 2688 2
1362 2633 1501 2710 Reg.
1517 2654 1616 2689 xv1
1637 2653 1658 2688 1
1672 2678 1683 2688 .
1703 2653 1791 2712 23.
1818 2637 1906 2688 Im
1928 2632 2244 2713 dengravit
2266 2632 2427 2708 Israel

437 2736 468 2772 e
493 2732 631 2772 terra
644 2715 741 2791 sua
767 2721 822 2772 in
847 2715 1112 2796 Afflriam
1135 2757 1151 2783 ‚
1196 2714 1339 2792 usque
1362 2719 1417 2770 in
1440 2713 1579 2770 diem
1603 2711 1755 2771 hunc,
1823 2718 2067 2793 Itemque
2103 2734 2125 2769 1
2149 2711 2427 2770 Chron.v.

444 2804 536 2853 26.
581 2802 764 2876 Itaque
784 2794 1003 2856 abduxit
1026 2817 1104 2853 eos
1130 2799 1184 2850 in
1210 2795 1526 2852 Chalachum
1553 2839 1568 2865 ‚
1616 2806 1693 2853 (J
1720 2793 2023 2864 Chaborem‚
2071 2808 2149 2853 (7
2178 2797 2427 2861 Haram,

416 2890 524 2940 ,Φ
545 2878 1012 2958 Nehargozanem‚
1040 2899 1071 2933 u
1090 2897 1183 2955 que
1209 2881 1264 2932 ite
1288 2876 1425 2932 diem
1448 2876 1597 2933 hunc.
1642 2876 1704 2934 Id
1731 2874 1832 2946 est,
1851 2873 1971 2954 post
1997 2874 2217 2956 scriptos
2245 2874 2428 2933 Chro-

438 2961 690 3018 nicorum
716 2958 885 3017 libros
902 3004 917 3029 ,
961 2963 1017 3015 δε
1045 2956 1268 3015 solutam
1293 2960 1658 3038 captivitatem
1683 2956 2079 3036 Babylonicam.

520 3043 624 3100 VI.
665 3039 1032 3122 Expenden'da
1066 3038 1154 3099 hic
1194 3040 1341 3100 venit
1378 3038 1695 3120 Apocryphi
1735 3040 1879 3099 Ezrae
1908 3037 1973 3098 de
2000 3040 2191 3101 itinere
2219 3036 2430 3173 anrri-

2337 3138 2431 3173 um
