2539 3612
664 122 712 179 L
763 139 786 179 1
837 139 891 181 Β.
935 121 1053 178 111.
1110 117 1162 177 C
1206 132 1251 175 A
1294 135 1346 176 P.
1412 117 1552 177 XV.
1963 140 2079 198 299

94 231 217 288 Aut
253 227 385 287 illud
408 272 426 299 ,
448 223 649 307 ,inquit
673 269 690 296 ,
733 243 823 283 aut
846 268 864 296 ,
907 222 1057 305 quod
1092 220 1400 281 credibilius
1426 260 1446 294 9
1486 219 1609 277 hoe.
1683 237 1705 277 1
1725 237 1770 277 1.
1799 218 2077 299 Judiciose

90 309 264 389 ipsum
302 316 536 395 Syrorum
565 305 735 365 facere
761 307 1133 374 mentionem,
1177 325 1241 361 ex
1267 300 1464 382 quibus
1490 323 1660 381 quum
1687 303 1795 360 orti
1820 300 1923 360 sint
1948 306 2072 361 He-

88 390 245 464 braei,
282 394 478 449 mirum
504 410 618 446 non
643 385 812 456 est,’fi
835 387 967 443 ritus
995 383 1254 466 quosdam
1280 406 1308 441 a
1335 382 1626 457 majoribus
1649 382 1902 453 tradit03‚
1929 406 2070 465 quos

85 475 167 533 illi
189 498 218 532 a
242 469 594 532 vetustiffimis
619 465 933 525 Patriarchis
956 465 1253 535 habebant,
1277 465 1614 522 retinuerint.
1691 464 1864 545 Qod
1887 470 1942 522 &
1968 485 2070 524 nos

85 554 216 635 saepe
255 553 647 611 inculcavimus.
740 569 867 605 111.
911 549 994 604 Ex
1034 546 1227 604 eodem
1263 545 1418 603 fonte
1463 545 1764 603 consimiles
1801 547 1931 603 ritus
1971 546 2066 603 ha-

85 635 210 693 bere
248 649 540 714 potuerunt
577 631 817 709 AEgyptii
839 673 854 700 ,
899 631 995 709 qui
1029 628 1284 708 gliscente
1322 625 1694 705 superstitione
1722 629 1990 706 corrupti,
2034 650 2065 685 a

80 715 240 774 Mose
264 714 485 771 correfti
513 710 648 768 sunt.

163 800 319 854 X1V.
365 793 650 872 Qicquid
682 790 770 860 fit,
789 790 932 848 idem
959 807 1098 847 certe
1124 795 1334 846 Grotius
1359 789 1488 847 alibi
1515 787 1792 847 manifeste
1823 809 1924 867 pro
1952 810 2058 860 no-

81 877 163 935 bis
189 875 276 932 est.
349 876 465 954 Qi
493 876 548 931 in
574 880 706 931 notis
731 870 802 929 ad
816 870 929 929 Lib.
955 890 998 928 1.
1028 875 1117 927 De
1140 876 1362 928 veritate
1384 874 1652 951 religionis
1677 870 1971 949 Christiana
1992 891 2058 929 ex

76 955 308 1037 profeffo
343 955 532 1025 docet,
575 956 825 1033 pleraque
862 974 1053 1011 eorum
1077 974 1193 1032 quae
1217 951 1281 1008 ab
1315 958 1603 1032 eAEgyptiz‘s
1634 951 1836 1010 derivat
1861 956 2058 1010 Mars·
2081 973 2262 1015 scama

73 1037 254 1095 hamus
280 1059 342 1094 ex
366 1036 517 1112 Mose
548 1038 715 1115 petita
739 1033 838 1092 effe
855 1078 871 1104 ,
915 1039 972 1092 &
999 1033 1063 1092 ab
1077 1033 1308 1090 Hebraez's
1331 1034 1395 1091 ad
1417 1034 1705 1104 Phoenices,
1748 1055 1777 1089 a
1802 1031 2058 1091 Phoenici-

76 1117 166 1177 bus
196 1118 260 1176 ad
290 1123 484 1174 Graecos
521 1115 813 1197 pervenisse
842 1140 856 1173 ι
901 1119 997 1197 qui
1021 1115 1362 1197 Pythagoram
1386 1137 1414 1172 a
1440 1112 1648 1191 Judaeis
1673 1111 1760 1169 sua
1786 1111 2053 1183 hauffiffe,

75 1201 259 1257 multis
289 1200 615 1278 argumentis
643 1196 862 1256 adstruit
889 1221 901 1255 :
947 1199 1043 1278 qui
1070 1195 1451 1276 antiquiffimas
1479 1198 1652 1274 Leges
1679 1197 1930 1267 Atticm,
1949 1216 2057 1250 un-

74 1279 142 1338 de
180 1286 235 1336 &
276 1284 507 1335 Romanae
538 1278 720 1357 postea
755 1276 1003 1335 desumtae
1041 1278 1192 1347 sunt,
1238 1300 1301 1333 ex
1338 1273 1548 1356 legibus
1585 1277 1754 1353 Mosis
1778 1276 2053 1354 originem

74 1359 300 1429 duxisse,
343 1360 498 1414 variis
522 1359 779 1434 exemplis
804 1357 1025 1434 probat:
1070 1361 1167 1437 qui
1201 1358 1435 1436 denique
1460 1400 1475 1425 ,
1520 1355 1670 1434 quod
1694 1355 1869 1412 cauffae
1895 1362 2053 1437 open-

72 1445 278 1498 cerianae
301 1438 548 1517 jugulum
571 1439 738 1516 petit,
781 1437 845 1494 de
871 1437 1109 1494 Oraculo
1135 1438 1286 1515 quod
1311 1459 1375 1492 ex
1404 1437 1659 1513 pectorali
1684 1435 1876 1492 summi
1899 1444 2049 1494 Pon-

73 1520 230 1579 tificis
254 1519 542 1600 effulgebat
567 1515 843 1589 differens,
886 1524 1142 1577 IMITATI
1170 1535 1327 1585 Hoc,
1373 1518 1581 1595 inquit,
1623 1535 1730 1573 SED
1773 1537 1853 1574 UT
1900 1536 2047 1575 PUE-

71 1619 140 1660 ιιι
181 1605 496 1660 VIRORUM
539 1618 651 1658 RES
693 1617 1065 1658 IMITANTUR
1093 1643 1109 1669 ,
1153 1602 1468 1659 AEGYPTll.

152 1686 278 1741 XV.
323 1684 459 1738 Haec
485 1679 810 1737 observanda
845 1679 1259 1736 existimavimus
1287 1678 1351 1735 ad
1375 1678 1743 1735 Au&oritates
1769 1676 1886 1734 istas
1913 1699 2040 1757 quas

71 1784 173 1845 pro
198 1762 247 1820 se
274 1768 546 1845 Spencerus
569 1762 711 1817 citat.
800 1766 992 1839 Qum
1018 1778 1199 1817 autem
1222 1759 1318 1816 hac
1345 1756 1517 1815 solum
1541 1757 1640 1815 fini
1663 1779 1745 1816 eas
1772 1757 2040 1837 proferat,

69 1866 133 1902 ne
155 1848 408 1901 novitatis
437 1848 493 1899 in
516 1841 795 1920 Theologia
815 1840 1008 1898 avidus
1032 1840 1302 1910 videatur,
1329 1838 1447 1896 satis
1473 1836 1581 1917 ipse
1609 1838 1805 1896 fatetur
1829 1858 2044 1897 contra>-

67 1927 204 1984 riam
242 1923 557 1983 sententiam
594 1924 759 2000 longe
791 1921 889 1979 esse
918 1925 1289 2002 receptiorem.
1375 1919 1618 1998 Ideoque
1643 1940 1864 1998 operam
1891 1920 2046 1978 lude-

66 2027 210 2076 rem,
256 2005 294 2063 fi
322 2007 418 2086 qui
444 2006 501 2062 in
524 2004 624 2061 alia
645 2003 832 2059 omnia
854 2001 919 2059 ab
949 2025 1049 2074 eo,
1093 2007 1152 2062 in
1174 2003 1358 2062 eadem
1385 1999 1668 2058 nobiscum
1696 2020 1855 2071 eunt,
1899 2003 2044 2059 viros

66 2085 447 2147 eruditiffimos
482 2081 919 2166 graviffimosque
958 2106 1266 2142 enumerare
1305 2081 1609 2161 satagerem.
1694 2084 1767 2139 Et
1793 2081 1942 2162 quod
1965 2081 2044 2141 rei

66 2186 226 2248 caput
262 2165 366 2236 est,
408 2189 524 2225 non
561 2185 671 2224 tam
705 2167 1069 2224 recentiorum
1108 2167 1314 2244 aliquot
1353 2162 1673 2240 scriptorum
1698 2161 2041 2233 auctoritate,

66 2271 230 2331 quam
253 2250 526 2306 rationum
547 2262 1094 2328 argumentorumque
1129 2245 1425 2311 evidentia,
1469 2241 1747 2321 disceptari
1770 2243 1876 2301 haec
1905 2265 2040 2301 conu

68 2328 344 2400 troversia,
360 2333 418 2386 &
445 2328 621 2387 decidi
642 2327 749 2385 haec
772 2328 836 2384 lis
860 2326 1038 2387 debet.
1084 2335 1222 2407 Qiae
1248 2347 1417 2406 quum
1441 2325 1716 2402 utrimque
1742 2346 1885 2381 nunc
1911 2344 2042 2402 pro-2

67 2412 224 2470 duesta
248 2409 376 2480 fint,
420 2412 693 2490 integrum
719 2429 873 2489 aequo
899 2411 1088 2468 leffrori
1108 2410 1368 2485 judicium
1393 2402 1521 2463 esto.
1608 2406 1733 2484 Ego
1759 2404 2040 2463 scribendo

67 2490 246 2563 laffm,
289 2496 345 2548 &
374 2491 692 2549 exeuntibus
727 2488 873 2548 feriis
899 2491 963 2550 ad
986 2492 1085 2551 alia
1113 2487 1384 2550 laboriosae
1409 2486 1710 2544 functionis
1734 2485 1913 2544 officia
1939 2508 2041 2544 vo*

66 2591 242 2643 catuS,
286 2594 506 2631 manum
532 2573 685 2630 tollo.
745 2569 827 2628 Ita
852 2568 1110 2634 finiebam
1134 2591 1254 2634 ante
1280 2571 1426 2632 diem
1456 2588 1504 2626 v.
1533 2569 1653 2627 Kal,
1681 2567 1835 2627 Febr.
1869 2573 2039 2627 Anno

67 2660 202 2715 AErae
227 2654 455 2733 vulgaris
481 2655 973 2715 MDCLXXXIII.

1074 3144 1254 3220 Ppta
1778 3145 2043 3199 AEKAr.
