2539 3612
398 160 515 227 -1-ςο
905 130 1889 203 1ΖΕοΥΡΤῙΑ60111111

407 249 663 307 ficatione
679 291 694 317 ‚
733 242 1132 313 consolatione,
1164 244 1329 300 tutela
1354 260 1512 322 atque
1537 258 1830 321 augmento
1856 237 2129 309 Ecclesiae,
2158 238 2392 300 hostium

412 349 594 388 autem
619 327 882 395 vindicta,
929 344 1038 382 tam
1065 322 1283 381 illustria
1307 324 1578 383 editurum
1603 321 1701 380 effe
1728 324 1997 401 exempla,
2043 340 2397 399 perennatura

414 414 474 470 in
498 412 787 469 aeternitate
816 423 1152 484 temporum,
1188 403 1331 463 fama
1354 427 1530 463 rerum
1547 445 1566 477 ‚
1590 422 1653 462 ut
1675 406 1970 460 memoriale
1993 400 2120 472 fibi,
2148 408 2285 486 cippi
2311 406 2399 460 in·-

414 491 540 562 star‚
559 493 616 547 in
642 487 1037 566 AEgyptiorum
1060 483 1261 544 finibus
1285 484 1511 545 statuisse
1537 485 1793 545 videatur.
1838 486 1979 542 Non
2003 504 2088 540 me
2115 480 2308 542 fallunt
2331 485 2399 541 il-

414 575 462 631 la
497 592 611 652 quae
648 571 736 626 alii
772 565 1018 626 subtilius
1055 572 1409 626 commentati
1434 567 1583 624 sunt:
1622 584 1675 624 at
1697 589 1757 623 ea
1780 588 1897 645 quae
1921 566 2151 624 diximus
2175 610 2191 635 ,
2246 567 2401 644 plana

415 672 574 731 atque
612 648 886 728 perspicua
921 648 1188 706 videntur.
1277 656 1468 727 Qum
1502 669 1632 727 ergo
1668 667 1802 706 mm
1826 648 1982 704 vetiti
2009 648 2178 703 cultus
2206 645 2401 707 instru-

415 750 663 789 mentum
689 728 782 800 fit,
824 729 1048 806 perinde
1074 752 1130 786 ac
1155 729 1495 815 Theraphim,
1526 750 1652 785 eum
1677 729 1873 785 Israelis
1898 726 2091 785 statum
2117 727 2402 807 repraesen-

417 831 493 869 tat
524 811 711 886 Heseas
739 855 754 880 ‚
800 831 914 888 quo
941 815 995 865 <Sc
1007 813 1129 889 jusfi)
1156 813 1280 865 olim
1302 856 1318 880 ,
1364 816 1418 867 &
1443 815 1602 865 vetito
1616 810 1809 893 fhmper
1832 854 1848 880 ‚
1892 811 2172 888 religionis
2199 810 2402 865 exerci—

416 896 497 949 tio
526 893 739 948 carituri
766 907 930 946 erant.
976 893 1107 946 Hoc
1136 908 1315 948 autem
1341 910 1451 949 erat
1477 890 1628 970 quod
1652 889 1994 969 probandum
2018 889 2177 975 nobis
2205 886 2402 946 sumse«

413 994 601 1030 ramus.

500 1057 680 1111 XVII.
727 1058 809 1110 At
834 1097 849 1120 ,
897 1053 1140 1132 inquieS,
1186 1051 1468 1131 quomodo
1494 1055 1649 1109 Deus
1674 1060 1806 1108 inter
1832 1055 1975 1109 mala
2000 1072 2277 1109 numerare
2302 1073 2405 1130 po-

419 1133 518 1191 test
540 1180 557 1204 ‚
602 1135 754 1214 quod
789 1132 1098 1191 Isra'e'liticus
1134 1135 1364 1212 populus
1395 1135 1652 1189 cariturus
1675 1131 1801 1188 esset
1826 1132 1984 1188 idolis
2010 1138 2031 1186 ?
2079 1132 2182 1188 Sed
2209 1132 2407 1210 quibus

419 1217 494 1272 ita
516 1217 745 1272 cavillari
770 1214 922 1271 lubet
945 1259 961 1283 ‚
1007 1218 1077 1280 ii,
1096 1213 1133 1271 fi
1157 1216 1357 1292 placet,
1375 1215 1564 1269 Deum
1590 1230 1787 1292 rogent
1805 1211 1959 1291 ,quid
1983 1213 2109 1268 mali
2135 1214 2193 1269 in
2219 1234 2285 1269 eo
2313 1212 2411 1281 sit,

421 1297 572 1375 quod
595 1297 829 1353 vitulum
853 1294 1082 1352 Bethelis
1105 1315 1201 1373 per
1224 1295 1649 1369 Salmanaffarem
1671 1292 1907 1349 ablatum
1933 1294 1998 1348 iri
2025 1294 2409 1353 comminetur-⁷

421 1375 557 1433 Hos.
585 1401 633 1434 x.
668 1395 713 1453 5.
741 1386 795 1434 6.
839 1382 1051 1460 Propter
1073 1379 1276 1432 vitulas
1298 1372 2015 1450 Beth-avenisformidabunt
2037 1371 2236 1451 quisque
2258 1374 2407 1429 habi-

422 1475 560 1515 tator
583 1465 827 1516 Samaria
850 1484 867 1527 3
910 1480 1065 1536 quum
1088 1454 1279 1534 lugebit
1301 1454 1364 1510 de
1386 1476 1438 1510 eo
1453 1456 1673 1537 populus
1700 1456 1849 1535 ipfim
1872 1499 1887 1525 ,
1931 1460 2089 1510 etiam
2114 1460 2280 1510 atrati
2303 1459 2406 1535 ejus

425 1546 514 1618 qai
549 1539 612 1595 de
649 1562 700 1595 eo
738 1539 991 1614 exfhltant
1014 1582 1030 1607 ‚
1073 1551 1344 1619 propterea
1378 1537 1512 1614 quod
1540 1539 1718 1616 gloria
1753 1539 1858 1615 ejas
1893 1540 2203 1614 migraverit
2238 1534 2302 1591 ab
2335 1559 2406 1593 eo.

379 1693 383 1697 .
423 1626 605 1678 Etiam
629 1620 724 1702 ipſs
746 1625 802 1676 in
827 1621 1088 1702 Aſjjriam
1110 1616 1457 1700 deportabitur
1477 1663 1494 1688 ,
1538 1637 1720 1673 munus
1743 1621 1871 1695 Regi
1892 1614 2077 1695 Jareb.
2124 1618 2409 1675 Nimirum

428 1723 545 1758 non
569 1722 733 1758 omne
760 1701 894 1758 illud
919 1699 1129 1758 bonum
1155 1705 1210 1754 &
1237 1699 1448 1754 licitum
1473 1696 1548 1753 est
1573 1698 1630 1752 in
1655 1696 1705 1752 se
1731 1741 1746 1764 ,
1792 1696 1942 1774 quod
1969 1694 2205 1753 aufertur
2230 1719 2258 1752 a
2279 1699 2408 1754 Deo

427 1784 488 1840 in
522 1803 743 1861 poenam
780 1783 1059 1850 criminis;
1113 1776 1306 1837 sufficit
1338 1795 1400 1834 ut
1434 1776 1647 1833 bonum
1685 1776 1927 1849 videatur
1950 1821 1966 1845 ‚
2021 1781 2077 1832 &
2112 1796 2323 1854 gratum
2350 1777 2413 1835 fit

431 1866 483 1919 ei
508 1866 605 1943 qui
628 1865 865 1942 privatur
888 1904 905 1931 ,
959 1861 1108 1942 isque
1137 1881 1201 1916 ex
1224 1861 1366 1916 illius
1390 1859 1469 1914 rei
1495 1857 1766 1914 ablatione
1795 1856 2182 1915 detrimentum
2206 1856 2410 1917 sentiat.

430 1944 635 2024 Neque
659 1943 764 2002 hoc
789 1943 865 2001 est
886 1965 985 2024 pro
1009 1944 1145 1999 malo
1169 1942 1303 1997 reali
1315 1958 1519 2023 poenam
1531 1937 1874 1996 solummodo
1881 1937 2264 2020 phantasticam
2276 1942 2417 1998 irro-

429 2046 554 2106 gare
579 2070 596 2096 ,
648 2044 710 2083 ut
745 2031 1014 2110 Spencerue
1040 2023 1269 2082 cavillari
1294 2038 1447 2079 amat.
1492 2021 1633 2077 Non
1659 2021 1806 2077 enim
1819 2019 2148 2102 phantastica
2161 2040 2314 2103 poena
2339 2021 2415 2079 est

431 2109 491 2164 in
516 2128 642 2163 611111
667 2107 860 2164 deduci
885 2105 1108 2177 statum,
1151 2122 1213 2161 ut
1238 2125 1362 2160 611111
1385 2099 1658 2180 republica
1681 2100 1737 2158 id
1761 2100 1911 2180 quod
1938 2119 1997 2157 tu
2020 2122 2120 2179 pro
2145 2104 2412 2182 religione

430 2185 661 2244 habuisti
688 2186 841 2245 simul
864 2186 1068 2266 peffum
1091 2181 1499 2262 eat3hostesque
1525 2202 1641 2239 non
1665 2180 1730 2238 de
1753 2180 1915 2238 bonis
1941 2180 2114 2239 solum
2140 2185 2244 2239 tuis
2257 2206 2314 2240 ac
2329 2203 2413 2253 te,

432 2264 521 2325 sed
557 2272 612 2323 &
648 2269 712 2325 de
738 2268 840 2324 diis
866 2271 970 2323 tuis
997 2264 1349 2343 triumphent.
1436 2269 1502 2320 In
1527 2284 1639 2342 quo
1653 2284 1875 2331 *morem
1898 2262 2146 2342 agnoscas
2169 2283 2415 2322 veterum

434 2348 649 2406 ducum,
698 2350 783 2404 Sic
809 2366 959 2425 capta
982 2345 1265 2428 Babylone,
1304 2344 1728 2423 Babyloniorum
1753 2344 1923 2413 idola,
1949 2347 2047 2400 Bel
2075 2350 2130 2402 &
2153 2344 2332 2416 Nebo‚
2358 2348 2417 2404 in

431 2430 802 2508 captivitatem
841 2427 1103 2484 abierunt.
1148 2425 1252 2507 Jes.
1279 2446 1460 2486 XLVI.
1497 2447 1544 2483 1.
1575 2446 1625 2482 2.
1714 2424 2019 2483 Moabitide
2042 2427 2174 2484 item
2198 2449 2226 2485 a
2251 2426 2419 2486 Chal-

437 2509 560 2568 daeis
587 2507 782 2580 excisa,
800 2510 1057 2589 Jeremias
1080 2510 1398 2566 vaticinatur
1421 2507 1539 2568 fore
1564 2526 1624 2565 ut
1650 2506 1866 2564 Chamos
1889 2505 2256 2565 Moabitarum
2272 2512 2418 2565 Deus

437 2593 497 2649 in
521 2589 1047 2670 transmigrationem
1071 2587 1252 2660 abeat,
1287 2590 1395 2669 Jer.
1425 2610 1569 2648 XLVI
1589 2611 1609 2646 1
1629 2609 1675 2647 1.
1704 2610 1756 2658 7.
1802 2591 1876 2647 Et
1899 2589 1964 2647 de
1989 2592 2420 2648 Ammonitarum

440 2676 554 2729 Deo
582 2674 835 2729 Maleam
858 2671 1004 2729 idem
1028 2671 1243 2750 praedici
1268 2671 1472 2740 videas³
1517 2673 1622 2752 Jer.
1650 2690 1818 2729 xL1x.
1851 2693 1899 2751 3.
1926 2675 2056 2727 Am.
2080 2690 2126 2727 1.
2151 2688 2237 2748 15.
2283 2677 2419 2752 Qo

443 2752 639 2813 eodem
663 2755 911 2833 exemplo
936 2756 1230 2810 Ptolomaeus
1257 2757 1553 2834 Euergetes,
1579 2755 1724 2811 vicio
1750 2757 1950 2810 Seleuco
1976 2755 2224 2809 Callinico
2249 2758 2303 2810 δεῖ
2329 2761 2421 2835 ‚Sy-

444 2839 521 2890 ris
544 2878 561 2904 ‚
605 2839 744 2891 Deos
768 2857 959 2892 eorum
983 2841 1216 2918 captivos
1242 2835 1389 2893 ducit
1413 2838 1470 2892 in
1497 2842 1804 2916 AEgyptum.
1860 2837 2003 2891 Dan.
2030 2854 2119 2890 x1.
2150 2836 2201 2890 8.
2250 2834 2421 2916 Qod

441 2913 619 2993 ipsum
657 2922 710 2972 &
737 2939 764 2974 a
789 2918 1054 2975 Romanis
1075 2915 1206 2996 saepe
1231 2915 1554 2995 usurpatum.
1642 2918 1787 2976 Vide
1812 2914 1960 2973 sodes
1987 2936 2103 2995 quae
2130 2916 2335 2977 erudite
2363 2921 2423 2976 in

446 2994 582 3054 hanc
618 3018 732 3054 rem
767 3000 990 3081 collegit
1025 3002 1048 3057 ὁ
1082 3010 1212 3058 πάνυ
1249 2999 1531 3057 Bochartiis
1557 3044 1575 3071 ,
1629 3002 1933 3061 Hierozoic.
1962 3002 2106 3054 Part.
2138 3017 2184 3054 1.
2211 2999 2297 3061 lib.
2332 3021 2419 3058 11.

446 3096 556 3161 cap.
584 3099 775 3138 xxx1v.

2068 3165 2275 3221 XVIII.
2304 3162 2425 3219 Ca*-
