2539 3612
352 136 480 193 :166
858 138 1836 199 AEGYPTIACORUM

356 238 553 320 cuique
589 237 814 319 pensum
854 238 1008 298 suum
1043 239 1430 321 adsignaverim
1457 287 1474 314 ,
1532 262 1657 300 cum
1693 239 2000 298 Clariffimo
2035 235 2248 303 Launaeo
2286 252 2345 308 δε

354 321 609 378 Boehurto
636 321 809 378 dicere
837 365 852 389 ‚
897 342 1012 378 non
1039 321 1226 380 audeo,
1297 326 1520 404 Qippe
1545 325 1641 404 qui
1667 345 1824 380 unum
1848 321 2019 380 solum
2032 325 2349 409 Archange-

352 403 463 459 lum
487 404 545 459 in
573 402 855 478 Scripturis
885 402 1187 474 inveniam,
1235 405 1486 484 Christum
1512 406 1840 485 Angelorum
1863 407 2115 463 omnium
2142 411 2348 486 princi-2

351 503 477 560 pem
516 502 573 538 ac
607 483 937 538 Dominum.
1023 482 1162 541 Non
1199 503 1379 544 tamen
1416 506 1699 565 propterea
1739 486 2049 566 negandum
2084 486 2159 544 est
2181 533 2197 559 ‚
2251 511 2348 548 eos

352 565 466 619 aliis
492 558 809 640 quibusdam
835 567 1064 643 Angelis
1085 565 1306 637 ordine,
1352 567 1645 645 dignitate,
1688 585 1847 646 atque
1879 563 2188 627 officiorum
2211 590 2345 650 prae-

352 639 541 699 stantia
566 640 861 719 superiores
896 643 1048 701 fuisse
1078 670 1090 703 :
1137 669 1308 726 quum
1343 669 1434 704 eos
1469 650 1623 705 Deus
1660 647 1964 706 adhibuerit
1997 649 2061 707 ad
2095 651 2346 729 patranda

351 724 547 779 eximia
569 743 732 801 opera
756 726 813 782 in
847 727 1111 805 regimine
1152 746 1259 785 tam
1284 726 1431 785 orbis
1456 751 1618 808 quam
1643 727 1908 787 Ecclesiae.
1988 734 2228 811 ,Quattuor
2250 753 2345 790 au-

351 819 462 859 tem
500 822 648 860 erant
686 827 915 862 numero
928 832 944 875 3
988 809 1072 864 uti
1105 809 1338 867 totidem
1377 804 1645 890 quadrigae
1682 831 1710 866 a
1748 809 2023 868 Zacharia
2051 811 2344 891 conspectat

349 880 501 941 sunt:
547 887 636 940 cui
662 889 881 965 roganti
905 887 1041 966 quid
1065 889 1231 947 essent
1256 892 1355 948 111ae
1380 890 1716 972 quandrigae‚
1761 890 2038 970 respondit
2064 897 2340 974 Angelum

348 966 440 1019 Hi
451 965 572 1041 sunt
604 983 819 1045 quatuor
864 971 977 1024 coeli
1011 973 1259 1050 Spiritus,
1305 972 1614 1052 egredientes
1631 971 1751 1028 inde
1774 970 1860 1028 ubi
1871 974 2180 1051 sestiterunt
2203 973 2342 1057 apud

347 1047 636 1103 Dominum
660 1054 811 1105 totius
834 1065 987 1105 terrae.
1018 1050 1179 1108 Zach.
1196 1061 1357 1110 v1.6.
1407 1054 1691 1109 Nimirum
1719 1071 1857 1130 quot
1882 1052 2005 1110 sunt
2030 1056 2212 1111 mundi
2223 1077 2345 1134 par-

347 1143 424 1183 tes
460 1145 551 1184 aut
591 1128 826 1187 cardines
853 1176 868 1199 ‚
925 1151 1064 1210 quot
1115 1134 1184 1190 in-
1217 1133 1426 1215 Templo
1478 1131 1853 1188 describuntur
1887 1131 2049 1190 facies
2073 1178 2090 1203 ‚
2144 1137 2342 1195 Ezech.

345 1226 488 1264 XLVI
509 1229 530 1263 1
550 1229 595 1265 Ι.
641 1230 728 1283 30.
758 1216 813 1267 &
837 1210 943 1290 seq.
973 1231 1113 1292 quot
1145 1218 1311 1269 Novae
1336 1213 1630 1293 Jerufielem
1658 1212 1817 1270 latera
1839 1212 2032 1271 tribuit
2066 1214 2343 1294 Johannes

343 1291 454 1367 Ap.
483 1309 606 1346 xxi.
630 1284 717 1370 i3.
746 1310 832 1349 tot
854 1290 942 1349 hic
966 1292 1323 1371 repraesentati
1347 1292 1470 1352 sunt
1494 1296 1728 1372 Angeli‚
1773 1313 1870 1370 per
1895 1316 2034 1373 quos
2079 1297 2208 1352 Deo
2234 1300 2340 1354 mi-

346 1369 507 1427 randa
531 1368 619 1428 sua
647 1394 811 1450 opera
835 1375 893 1432 in
918 1375 1125 1431 mundo
1152 1394 1311 1454 atque
1336 1373 1568 1431 Ecclesia
1593 1371 1811 1453 exsequi
1838 1372 2037 1431 libuit(

422 1455 596 1510 XXX.
646 1452 942 1529 Cherubim}
966 1453 1220 1527 adjunctae
1244 1454 1492 1524 fuerunt,
1534 1470 1647 1513 rotae
1672 1472 1935 1534 quatuor,
1964 1455 2161 1536 quibus
2183 1459 2339 1528 variae

339 1533 532 1592 mundi
556 1535 924 1592 revolutiones
940 1579 955 1603 ,
982 1539 1037 1590 &
1064 1557 1243 1594 rerum
1266 1537 1324 1594 in
1347 1534 1579 1596 Ecclesia
1600 1538 1772 1605 vices,
1801 1534 1865 1591 ab
1882 1540 2113 1618 Angelis
2135 1537 2339 1617 guber-

341 1613 558 1682 naudae,
604 1613 961 1695 designantur.
1047 1615 1312 1695 Aspeehls
1336 1637 1603 1687 rotarum,
1648 1621 1704 1671 &
1728 1637 1865 1694 opus
1901 1639 2081 1675 earum
2105 1639 2216 1677 erat
2240 1641 2337 1678 ve·-

341 1691 441 1750 luti
479 1693 688 1774 Tharfis
711 1739 731 1771 ,
787 1695 893 1753 hoc
931 1696 1004 1753 est
1041 1697 1376 1781 Sardonyehis
1418 1723 1431 1754 ε
1489 1701 1564 1753 ita
1596 1698 1745 1753 enim
1779 1696 2152 1773 probabilibus
2176 1721 2338 1777 argu*

343 1778 541 1834 mentis
573 1779 736 1835 evicit
766 1797 990 1857 magnus
1030 1783 1313 1856 InterpreS.
1397 1776 1492 1833 Est
1536 1793 1716 1833 autem
1757 1777 1815 1832 in
1839 1776 2157 1859 Sardonyche
2193 1779 2338 1838 albor

342 1859 400 1911 &
423 1863 586 1931 nitor,
632 1859 719 1919 sed
743 1857 916 1916 rubore
937 1877 1276 1937 temperatus,
1367 1864 1500 1937 Qo
1530 1857 1706 1914 notari
1730 1857 1905 1934 potest
1940 1876 2337 1939 temperamen«

344 1952 460 1995 tum
484 1941 704 1999 Divinae
733 1941 1155 2017 φιλοινθξωωίκς,
1200 1945 1254 1997 &
1279 1939 1486 2021 justitia
1510 1961 1632 1996 cum
1654 1937 1930 2012 sazncsbitate
1965 1962 2081 2020 quae
2107 1944 2165 1998 in
2188 1962 2334 2002 utra-⁴

341 2040 362 2071 t
382 2040 449 2075 ue
487 2024 718 2093 relucet,
761 2045 889 2102 quas
923 2023 1148 2079 virtutes
1184 2024 1244 2080 in
1278 2020 1520 2079 Ecclefiae
1557 2018 1654 2075 suae
1684 2039 1805 2074 cura
1827 2020 2125 2078 luculenter
2148 2023 2333 2084 osten·-

340 2039 419 2156 ‹iit
454 2103 624 2161 Deus,
709 2106 884 2161 Oculis
909 2101 1177 2164 scatebant
1200 2122 1358 2173 rotae,
1403 2120 1464 2158 ut
1497 2099 1718 2157 sciamus
1753 2121 1943 2157 omnes
1978 2101 2128 2160 hasce
2151 2126 2333 2167 rerum

341 2180 725 2244 viciffitudines
764 2207 881 2242 non
919 2206 1071 2243 coeco
1112 2183 1240 2240 ferri
1265 2186 1499 2262 impetU‚
1545 2179 1634 2238 sed
1657 2179 1861 2238 summa
1882 2181 2137 2262 sapientia
2162 2207 2221 2243 ac
2245 2191 2331 2246 viu

336 2263 561 2338 gilantia
595 2266 885 2345 gubernari
910 2308 926 2333 ‚
983 2286 1040 2321 ac
1078 2266 1135 2321 in
1166 2263 1300 2322 fines
1325 2264 1445 2321 suos
1474 2282 1621 2320 certo
1648 2262 1825 2342 dirigi.
1911 2266 2168 2322 Altitudo
2193 2267 2330 2347 aspiss..

336 2339 469 2400 dum
493 2346 775 2416 terribili3‚
820 2362 975 2402 notat
999 2344 1448 2424 imperscrutabile
1474 2350 1529 2402 &
1553 2343 1906 2403 inenarrabile
1927 2345 2061 2404 illud
2084 2350 2332 2407 Divino-

334 2443 455 2481 rum
491 2425 840 2484 consiliorum
871 2450 883 2482 ε
939 2425 1003 2483 ad
1042 2448 1157 2507 quae
1193 2426 1596 2486 exclamandum
1631 2425 1706 2482 est
1746 2451 1757 2484 :
1802 2449 1958 2506 quum
1993 2450 2185 2508 magna
2202 2431 2327 2507 sum

324 2504 480 2584 fabia
503 2522 593 2565 tua
614 2506 822 2588 Jehova
846 2506 858 2564 l
901 2529 1056 2587 quum
1070 2509 1334 2590 profundae
1355 2513 1684 2590 cogitationes
1707 2525 1795 2565 tuae
1820 2507 1831 2563 !
1876 2507 1955 2568 Ps.
1970 2530 2065 2566 xc1
2083 2530 2131 2567 Ι.
2162 2518 2215 2568 6.
2230 2511 2327 2591 Je-

338 2584 480 2642 hova
505 2592 561 2643 in
584 2593 721 2646 coelis
746 2590 811 2666 est
833 2587 1118 2668 benignitas
1139 2607 1228 2649 tua
1255 2612 1273 2648 .·
1303 2591 1442 2671 fides
1465 2609 1556 2648 tun
1579 2590 1724 2670 usque
1746 2589 1818 2646 ad
1831 2591 2108 2675 superiores
2129 2591 2283 2649 nubes
2307 2617 2324 2652 e

325 2666 540 2747 justitia
574 2686 666 2728 tun
707 2671 868 2750 instar
901 2677 1149 2729 montium
1196 2678 1539 2730 maximorum
1565 2697 1578 2730 ι
1619 2671 1833 2755 judicia
1866 2690 1957 2730 tua
1984 2671 2145 2751 instar
2176 2672 2328 2757 abyffi

342 2769 548 2827 magnae.
591 2750 672 2810 Ps.
711 2773 905 2811 xxxv1.
937 2759 992 2809 6.
1025 2771 1076 2822 7.
1101 2758 1234 2811 Rota
1258 2759 1313 2811 in
1352 2759 1486 2812 Rota
1518 2752 1780 2835 fignificat
1801 2752 2166 2834 pleniffimum
2190 2777 2329 2814 con-

343 2826 554 2890 sensum
566 2855 794 2914 operum
815 2836 1184 2906 Divinorum,
1224 2857 1340 2916 quae
1365 2838 1430 2896 ad
1451 2859 1622 2894 unum
1646 2836 1833 2896 cuntffht
1856 2834 2024 2893 finem
2048 2835 2297 2896 feruntur
2304 2861 2327 2910 ς

347 2909 543 2971 eodem
578 2935 777 2997 patrata
807 2921 1033 3004 Spiritu,
1076 2918 1174 3000 qui
1197 2922 1253 2978 &
1276 2922 1510 3000 Angelos
1542 2921 1682 2999 regit
1706 2923 1762 2977 δε
1785 2920 2114 2998 Angelorum
2135 2941 2324 3001 operas

341 2990 621 3073 dispensat.
843 3053 845 3056 .

424 3079 623 3141 XXXI.
665 3082 883 3143 Formas
905 3084 1216 3145 animalium
1239 3084 1391 3166 quod
1415 3088 1608 3147 attinet
1629 3107 1647 3170 ξ
1701 3104 1796 3167 per
1819 3085 2072 3145 Hominis
2108 3085 2320 3146 vultum

2152 3163 2320 3245 figur-3
