2539 3612
402 134 1064 202 FuLM1NA>rchrz
1111 131 1840 200 cunis-rumam:
2017 148 2133 224 '441

125 242 342 326 ²jzlujus,
387 246 568 325 inquit
593 244 934 313 Macrobius,
979 245 1177 298 oraculi
1201 246 1344 310 vim,
1388 245 1617 298 numinis
1639 239 1946 319 nominisque
1972 245 2135 301 inter-

111 333 483 410 pretationem,
527 349 630 406 φιλ
658 325 806 382 Liber
830 331 984 381 Pater
1012 336 1090 381 ξφ
1118 325 1206 379 Sol
1230 321 1374 377 ἸΑὨ
1393 321 1742 401 fignificatur,
1787 320 2035 397 exsecutus
2060 325 2126 399 est

121 411 391 465 Cornelius
420 407 592 464 Labeo
620 414 674 463 in
697 405 825 462 libro
852 411 936 461 cni
957 408 1138 461 titulus
1163 403 1254 478 cst,
1272 407 1357 461 De
1385 406 1608 459 Oraculo
1637 406 1908 486 Apollinis
1934 404 2125 461 Clarii.

118 486 196 544 Et
233 491 428 546 merito
459 488 578 546 sane
616 488 750 544 hanc
787 486 1008 544 edundae
1046 488 1237 565 pluviae
1276 486 1504 564 gloriam
1539 483 1635 541 soli
1669 488 1995 565 JEHovAE
2017 506 2149 561 no·-

116 567 227 627 stro
261 569 398 627 sacra
421 570 694 627 vindicant
722 569 1123 626 commentaria.
1189 569 1290 622 An
1308 567 1426 639 sunt
1449 571 1580 620 inter
1604 571 1866 621 vanitates
1885 571 2123 644 gentium

115 657 208 730 qui
226 655 467 732 pluviam
479 645 670 706 edunt?
696 671 764 705 em
778 653 890 705 coeli
916 648 1069 704 edunt
1097 643 1315 703 imbres?
1334 668 1494 701 nonne
1522 663 1574 702 tu
1603 652 1646 701 is
1676 669 1725 701 es
1739 645 1959 724 Jehova
1973 650 2120 702 Deus

113 728 314 808 noster?
351 736 708 810 Jer.x1v:22.
755 737 875 787 Imo
915 751 1041 788 vero
1081 728 1298 808 Jehova
1336 728 1481 803 efffcit
1509 726 1733 796 nimbos,
1780 742 1857 782 Θ·
1875 729 2125 808 pluviam

114 811 440 889 imbrzfemm
480 811 602 868 edit.
649 811 874 869 Zachx:
903 833 947 867 Ι.
990 811 1159 866 Tonas
1195 830 1317 864 voce
1341 811 1635 863 excellentiae
1650 809 1775 884 snae,
1822 829 1978 884 neque
2004 807 2119 883 dif-

104 895 220 971 fert
243 896 334 949 illa
356 916 509 971 qaum
534 892 793 950 audienda
819 894 884 970 est
906 914 1012 947 vox
1040 895 1161 971 ejus.
1205 893 1374 945 ‘sonat
1403 890 1712 964 Deusfortis
1728 909 1849 943 voce
1851 889 2125 960 fita-mira·-

113 972 317 1044 biliter3
348 976 493 1049 facit
516 997 593 1031 res
617 974 740 1031 adeo
767 995 971 1056 magnas
997 990 1050 1028 nt
1073 993 1172 1026 non
1189 971 1424 1054 poffimm
1450 969 1745 1048 cognoscere.
1800 973 1977 1049 Qum
2003 972 2125 1026 nivi

114 1054 280 1124 dicit,
324 1055 415 1131 esto
459 1061 514 1111 in
548 1073 722 1125 terra,
766 1074 856 1111 aaz?
897 1052 1076 1120 imi-ri,
1119 1069 1207 1109 ant
1238 1054 1462 1134 pluviae:
1508 1071 1626 1107 mox
1660 1047 1818 1108 imber
1833 1054 2121 1133 pluviaeque

114 1134 309 1193 roboris
331 1141 437 1216 ejus
462 1136 659 1213 adfimt.
701 1136 829 1215 Job.
846 1156 1012 1194 XXXVI
1034 1159 1049 1194 1
1068 1158 1080 1191 ε
1096 1156 1150 1212 4.
1174 1151 1219 1210 5.
1237 1141 1289 1190 6.

139 1267 145 1269 ,
199 1221 380 1274 XXV.
423 1219 624 1297 Neque
661 1239 734 1275 eae
768 1218 935 1276 modo
965 1219 1156 1298 pluviae
1181 1261 1195 1280 ,
1245 1237 1362 1296 quae
1397 1218 1589 1272 amicos
1625 1211 1888 1291 reficiant:
1933 1209 2022 1268 sed
2058 1216 2117 1269 &

116 1319 237 1376 quae
272 1296 426 1376 hostes
454 1306 730 1381 perimant.
814 1300 906 1358 Ad
928 1296 1300 1355 testimonium
1324 1297 1449 1353 huic
1476 1297 1690 1353 veritati
1715 1292 2113 1372 perhibendum

112 1379 334 1434 Sodoma
369 1382 588 1444 citetur,
632 1387 687 1435 &
726 1387 1006 1448 Gomorra,
1048 1384 1103 1435 ὃς
1130 1399 1247 1458 quae
1274 1379 1408 1434 olim
1431 1377 1619 1434 vicinae
1645 1378 1707 1431 iis
1733 1373 1952 1431 fuerunt
1976 1375 2114 1430 civi-

115 1476 279 1529 tateS,
325 1479 440 1537 quae
479 1476 563 1515 tot
603 1457 902 1515 seculorum
937 1459 1209 1516 cineribus
1243 1481 1300 1515 ac
1337 1457 1527 1531 fum0,
1574 1456 1638 1513 ab
1682 1478 1749 1513 eo
1774 1455 1821 1512 se
1852 1456 2106 1512 Numine

116 1542 311 1618 ignitis
350 1538 614 1596 imbribus
656 1538 856 1597 exustas
890 1538 1152 1607 fatentur,
1198 1539 1349 1617 quod
1387 1540 1765 1595 imminentem
1808 1539 1872 1593 iis
1909 1534 2112 1615 pestem

116 1619 433 1680 Abrahamo
457 1620 778 1698 praedixerat.
809 1622 956 1676 Gen.
974 1639 1099 1674 xrx:
1119 1640 1208 1695 24.
1237 1620 1309 1677 Et
1335 1624 1612 1700 &Egyptus
1636 1616 1975 1694 respondeat,
1993 1619 2115 1695 quis

119 1704 276 1760 Deus
312 1703 400 1757 ille
439 1700 633 1769 fuerit,
677 1703 773 1781 qui
797 1702 1032 1778 pluviam
1057 1697 1482 1776 grandinemque
1509 1719 1724 1776 gravem
1753 1696 1902 1754 valde
1928 1696 2116 1754 dimit-

117 1799 267 1854 tem,
312 1782 560 1841 homines
595 1789 941 1860 jumentaque
978 1795 1255 1858 quotquot
1291 1779 1347 1834 in
1373 1798 1500 1856 agro
1527 1776 1927 1856 reperiebantur
1950 1779 2119 1834 truci-

118 1865 352 1935 daverit,
399 1867 527 1943 igne
553 1863 704 1920 simul
730 1882 919 1920 terram
945 1860 1185 1917 obeunte
1214 1904 1229 1928 ,
1273 1856 1566 1938 herbasque
1594 1876 1752 1936 atque
1780 1856 1993 1913 arbores
2018 1864 2117 1915 AE-

117 1951 273 2028 gypti
312 1948 654 2026 perimente?
699 1945 910 2001 Nonne
936 1942 1143 2020 Jehova
1168 1941 1285 2010 iile,
1331 1941 1427 2019 qui
1453 1939 1508 1996 id
1531 1940 1814 2017 antequam
1840 1936 1994 1993 fieret
2016 1959 2114 2015 per

117 2030 318 2088 Mosen
347 2027 612 2086 Pharaoni
642 2025 1050 2083 denunciaverat
1067 2064 1086 2095 ,
1124 2027 1177 2078 ὃ(
1203 2026 1349 2095 cujus
1375 2019 1475 2077 hos
1502 2020 1691 2089 sonOS,
1735 2017 1870 2076 hanc
1893 2019 2113 2098 grandi-

116 2129 247 2168 nem
271 2110 370 2166 effe
396 2108 550 2165 fateri
577 2107 787 2164 coactus
814 2104 920 2162 fuit
943 2102 1178 2161 Pharao?
1222 2101 1395 2159 Exod.
1422 2120 1511 2159 lx:
1532 2123 1624 2176 27.
1652 2102 1742 2159 28.

201 2195 401 2251 XXVI.
450 2189 597 2247 Idem
625 2189 712 2244 ille
727 2185 931 2265 Jehova
954 2184 1032 2242 est
1059 2187 1155 2264 qui
1190 2202 1299 2240 tam
1322 2182 1558 2238 bellorum
1586 2205 1749 2262 quam
1776 2185 2107 2264 imperiorum

113 2271 224 2332 fata
259 2270 580 2328 moderatur.
664 2267 1042 2346 Utrorumque
1072 2267 1218 2322 enim
1252 2283 1505 2320 eventum
1528 2261 1899 2343 praediccndO,
1943 2268 1998 2319 δε
2022 2264 2106 2320 uti

113 2352 425 2434 praedixerat
447 2346 740 2430 praestando
756 2391 772 2418 ,
815 2349 1055 2405 numinis
1079 2344 1157 2402 sui
1183 2347 1587 2402 venerationem
1612 2343 1675 2400 ab
1703 2340 1946 2399 hostibus
1962 2365 2106 2423 quo-

113 2456 223 2515 que
262 2435 476 2491 meruit.
558 2430 759 2509 Neque
794 2428 912 2486 sane
942 2425 1381 2485 Monarchiarum
1406 2423 1658 2504 periodos
1683 2442 1864 2480 vatum
1889 2423 2110 2481 suorum

112 2533 249 2575 voce
279 2535 337 2572 ac
364 2515 564 2571 calamo
593 2528 677 2569 tot
706 2528 825 2567 ante
855 2506 1040 2566 seculis
1065 2507 1327 2564 delineare
1354 2504 1560 2584 potest,
1589 2504 1687 2562 nisi
1714 2506 1809 2584 qui
1836 2526 1935 2583 pro
1965 2503 2110 2562 arbi-

114 2599 224 2654 trio
251 2617 333 2653 eas
358 2593 451 2651 suo
475 2591 654 2649 statuit
682 2611 739 2648 ac
765 2588 1017 2648 destituit.
1074 2589 1268 2644 Dicito
1293 2606 1352 2644 tu
1376 2584 1795 2645 Nebucadnezar
1817 2629 1832 2648 ,
1872 2587 1992 2662 quis
2021 2585 2111 2642 ille

113 2677 208 2746 est,
254 2679 350 2761 qui
367 2695 459 2758 pro
487 2677 752 2730 voluntate
768 2671 863 2747 sua
894 2670 1112 2751 dzſjwnit
1135 2674 1190 2724 in
1214 2672 1438 2723 exercitu
1468 2668 1609 2734 coeli,
1640 2678 1717 2721 (9⁸
1741 2661 2108 2720 habitatoribus

114 2762 292 2816 terraef
337 2757 546 2813 Nonne
583 2756 669 2811 ille
716 2751 823 2830 ipse
863 2752 987 2808 coeli
1020 2751 1140 2806 Rex
1166 2750 1261 2828 qui
1299 2769 1394 2826 per
1429 2747 1748 2814 Danielem,
1793 2744 1988 2801 lomnii
2022 2745 2106 2802 tui

114 2859 301 2897 arcana
324 2840 791 2914 interpretantem,
836 2836 891 2888 δε
917 2828 1088 2888 casum
1115 2848 1268 2886 tuum
1299 2826 1700 2894 incredibilem,
1745 2829 1800 2879 &
1830 2823 2102 2880 celfitudi-

114 2939 244 2978 nem
274 2916 609 2996 postliminio
636 2911 1074 2992 recuperandam,
1092 2929 1490 2989 regnorumque
1517 2909 1573 2962 in
1599 2903 1805 2962 mundo
1820 2901 2101 2960 successio-

113 3020 243 3059 nem
258 3045 273 3068 ,
315 3006 418 3075 jam
459 3014 578 3054 ante
602 2996 1022 3076 praemonuerat?
1063 2993 1206 3047 Dan.
1227 3010 1306 3048 1v:
1329 3011 1416 3067 34.
1437 3011 1460 3067 3
1479 3006 1524 3064 5.
1568 2987 1640 3042 Et
1663 3004 1722 3041 tu
1746 2981 1930 3041 testare
1953 2987 2099 3041 Ale-

114 3080 343 3154 munder,
381 3082 501 3161 quis
535 3079 623 3142 ine
646 3080 798 3141 Deus
822 3074 986 3135 luerit
998 3115 1012 3144 ,
1041 3072 1137 3155 qui
1159 3069 1262 3131 tibi
1264 3071 1490 3212 Ii<nkl3i0
1515 3065 1849 3128 Macedoniae
1874 3064 2097 3159 deAfia

1941 3167 2094 3207 Inva-
