2539 3612
90 2356 233 2410 Antiq.
244 2356 314 2397 lib.

96 2422 293 2464 JV.cap.vz
306 2425 322 2452 1
335 2422 367 2450 1.

394 75 512 149 246
922 70 1915 129 AEGYPTIACORUM

392 190 509 227 cum
534 170 771 249 Ifea'e'lis,
785 170 964 252 quibus
977 188 1312 254 praee-peram
1336 185 1393 228 ut
1407 168 1670 252 pascerent
1685 171 1930 252 populum
1953 185 2136 239 meum,
2152 168 2385 246 dicendo,

392 273 551 330 quare
575 274 675 309 non
697 253 960 331 aedificatis
984 251 1116 308 mihi
1138 249 1345 308 domum
1367 246 1674 310 cedrinam?
1717 252 1859 309 Aliae
1885 258 2022 328 ergo
2039 249 2170 306 Deo
2193 252 2389 334 longe-

394 354 501 411 que
529 331 739 392 diversae
762 336 994 390 rationes
1022 330 1271 402 fuerunt,
1287 331 1362 389 ob
1388 353 1516 412 quas
1540 331 1597 391 id
1620 334 1880 411 temporis
1905 330 2132 389 domum
2159 329 2258 390 fibi
2270 332 2390 392 fieri

393 411 551 485 juffit.
620 414 838 470 Salomo
868 430 1046 471 autem
1073 412 1210 472 nihil
1235 412 1379 471 aliud
1405 415 1464 471 in
1488 415 1671 472 animo
1696 413 1932 482 habuit,
1975 409 2076 470 nifi
2101 428 2163 469 ut
2185 413 2388 492 placito

393 494 507 548 Dei
543 497 599 548 &
634 496 796 571 patris
834 491 912 552 sui
938 493 1037 552 hac
1062 496 1121 553 in
1145 512 1292 574 parte
1315 491 1716 575 obsequeretur.
1751 514 1774 551 1
1795 495 1937 574 Reg.
1960 511 2068 552 vu
2086 510 2134 550 1.
2169 512 2192 551 1
2209 511 2270 571 ς-
2295 511 2386 554 20.

479 575 581 630 VI.
625 575 766 633 Mox
801 575 1024 656 quidem
1047 574 1168 656 post
1191 573 1541 634 Israfflitarum
1562 575 1817 634 Exodum
1840 573 2042 632 sacrum
2070 572 2169 631 fibi
2190 576 2251 631 T
2239 572 2389 634 aber-

397 656 640 711 nae-ulum
661 655 888 714 confieri
916 656 1188 715 mandavit
1209 658 1392 727 Deus3
1409 678 1598 716 verum
1623 679 1799 737 neque
1826 658 1884 714 in
1911 657 2053 714 illius
2079 653 2387 716 confeffio-

395 754 465 790 ne
490 736 661 792 ullum
684 737 748 794 ad
769 740 1147 817 AEffirptiorum
1173 739 1414 797 instituta
1436 736 1738 817 adspeeium
1760 736 1910 795 fuisse
1924 782 1941 807 ,
1956 739 2014 794 in
2040 734 2193 793 sacris
2220 737 2384 795 doce-

394 834 532 871 mur.
574 819 738 874 Extra
759 839 875 895 quae
899 821 958 875 in
982 816 1123 876 hisce
1146 818 1304 878 rebus
1327 818 1501 899 sapere
1528 863 1545 890 ,
1590 818 1664 875 est
1687 818 1826 876 nihil
1850 817 2042 897 sapere.
2098 818 2386 878 Nimirum

395 895 621 975 Templi
644 918 702 954 ac
727 900 987 956 Tentorii
1012 897 1168 970 sacri,
1185 899 1225 958 si
1250 902 1328 957 rei
1350 900 1608 958 summam
1632 898 1950 977 spe8cemuS,
1967 898 2152 955 eadem
2174 897 2388 977 prorsus

395 974 502 1047 fuit
526 979 679 1034 ratio,
745 980 1063 1059 Utrumque
1086 982 1240 1038 Deus
1263 980 1454 1038 babuit
1475 981 1644 1037 veluti
1668 999 1766 1056 pro
1790 978 2054 1034 domicilio
2080 1021 2097 1047 ,
2153 981 2211 1036 in
2230 985 2353 1058 'quo
2365 1025 2384 1051 ‚

395 1059 478 1113 uti
501 1057 862 1117 Hebraeorum
885 1066 1022 1132 Rex,
1064 1061 1210 1140 quasi
1232 1064 1373 1119 inter
1384 1059 1610 1136 subditos
1633 1057 1782 1129 suos,
1819 1056 2097 1114 habitaret.
2150 1060 2242 1116 De
2270 1064 2385 1118 Ta·-

395 1135 684 1196 bernaculo
710 1138 818 1218 ipse
845 1142 1008 1211 dixit,
1047 1143 1224 1200 Exod.
1247 1164 1366 1198 xxv.
1394 1144 1446 1197 8.
1491 1144 1709 1197 Facient
1734 1138 1866 1195 mihi
1889 1138 2278 1211 Sanc‘buarium,
2305 1153 2385 1200 (θ’

388 1215 626 1275 habitabo
651 1226 706 1276 in
730 1221 893 1279 medio
919 1243 1102 1280 eorum.
1148 1225 1239 1279 De
1264 1222 1505 1301 Templo
1521 1265 1537 1291 ,
1583 1222 1839 1277 Salomon
1872 1240 1894 1274 1
1917 1221 2059 1297 Reg.
2085 1239 2151 1276 v1
2170 1239 2192 1275 1
2211 1240 2258 1277 1.>
2291 1241 2378 1301 13.

387 1299 747 1377 eAEdzficando
770 1302 1025 1381 aedificavi
1045 1302 1253 1361 domum
1277 1309 1332 1360 in
1355 1302 1704 1360 habitaculum
1725 1298 2226 1377 tuumfirmifflmum
2249 1345 2267 1371 ‚
2296 1303 2383 1379 fh-

387 1381 520 1435 lium
556 1398 698 1438 tuum
735 1388 791 1438 in
800 1385 1177 1466 sempiternum.
1236 1386 1366 1440 Hoc
1393 1402 1524 1461 ergo
1548 1379 1832 1438 discrimen
1859 1379 1965 1438 fuit
1993 1383 2135 1437 inter
2156 1380 2380 1440 domici-

383 1463 517 1517 lium
542 1463 701 1532 illud,
748 1468 802 1519 δε
814 1463 1094 1545 fflnagogas
1116 1462 1299 1542 postea
1322 1463 1563 1521 conditas
1587 1506 1605 1531 ,
1649 1461 1799 1541 quod
1821 1464 1976 1519 Deus
2001 1463 2059 1518 in
2084 1459 2166 1518 his
2191 1466 2380 1521 colere-

384 1555 470 1596 tur
504 1559 712 1600 tantum
736 1587 752 1613 ,
782 1543 854 1600 ‘m
878 1545 973 1601 illo
998 1562 1177 1602 autem
1202 1549 1257 1601 &
1280 1548 1525 1602 coleretur
1548 1587 1565 1613 ,
1610 1548 1665 1599 &
1690 1541 1886 1620 insigni
1915 1541 2143 1621 quadam
2167 1547 2377 1604 ratione

383 1619 652 1691 habitaret.
2240 1623 2246 1626 ’

464 1705 591 1759 Vll.
636 1706 933 1762 Enimvero
962 1707 1035 1762 ita
1057 1704 1107 1761 se
1133 1727 1214 1762 res
1238 1702 1414 1760 habet.
1460 1699 1647 1759 Moses
1674 1699 2095 1780 Rempublicam
2121 1703 2378 1764 conditu-

380 1802 466 1838 rus
490 1825 508 1852 ,
550 1790 666 1861 qu'ae
702 1787 761 1843 in
795 1787 947 1843 terris
982 1784 1295 1843 sanffiffima
1330 1781 1475 1840 foret
1499 1827 1516 1854 ,
1552 1781 1814 1841 summam
1850 1803 2030 1839 rerum
2054 1781 2375 1862 potestatem

383 1864 600 1921 numini
625 1865 833 1924 detulit.
877 1868 950 1923 Et
975 1888 1147 1946 quum
1171 1868 1262 1925 alii
1285 1867 1511 1923 nomina
1538 1866 1664 1934 alia,
1707 1882 1768 1920 ut
1796 1884 1877 1919 res
1899 1862 2033 1933 fert,
2076 1868 2375 1944 reperiant,

380 1962 438 1999 ac
474 1947 828 2004 monarchiam
862 1947 1031 2006 modo
1056 1947 1490 2028 olzgarchiamque
1514 1949 1570 2001 δε
1595 1944 1867 2002 interdum
1889 1945 2259 2003 democratiam
2280 1971 2375 2029 ap—

381 2025 611 2102 pellent,
637 2027 776 2085 nihil
798 2030 886 2086 ille
910 2026 1107 2086 horum
1131 2028 1250 2086 fore
1272 2049 1371 2107 pro
1396 2044 1582 2083 natura
1604 2044 1763 2105 atque
1791 2024 1973 2082 indole
1998 2028 2136 2083 tanti
2160 2029 2374 2088 intelle-

382 2106 463 2162 xit
485 2108 716 2186 imperii.
799 2112 974 2190 Igitur
997 2110 1278 2189 regiminis
1303 2106 1572 2187 quendam
1596 2105 1823 2164 modum
1844 2105 2159 2177 constituit,
2204 2131 2370 2188 quem

384 2185 841 2265 perfignificanter
862 2192 1070 2247 Flavius
1095 2187 1334 2248 adversus
1357 2189 1640 2266 Apionem
1651 2189 1830 2245 vocari
1852 2189 1995 2266 poffe
2015 2199 2059 2244 Θ
2075 2207 2116 2245 Ε
2135 2200 2176 2243 O
2193 2200 2234 2245 K
2251 2202 2281 2244 P
2296 2209 2372 2249 A·-

387 2280 428 2322 T
444 2268 533 2323 l'A
550 2285 596 2326 N
632 2272 706 2327 ait
729 2314 747 2339 ,
790 2269 934 2349 quasi
957 2289 1017 2328 tu
1042 2269 1303 2347 ejusmodi
1331 2271 1604 2328 civitatem
1630 2269 1822 2327 dixeris
1849 2313 1865 2339 ,
1910 2274 2056 2344 cujus
2081 2267 2263 2348 praeses
2285 2292 2371 2330 re-

388 2347 612 2428 ‹Storque
639 2348 777 2408 solus
799 2353 954 2408 Deus
979 2350 1055 2408 fit.
1121 2356 1310 2431 Atque
1332 2349 1460 2408 hinc
1485 2350 1560 2409 est
1583 2350 1733 2431 quod
1754 2349 1901 2408 idem
1922 2353 2145 2408 Flavius
2170 2350 2370 2412 Mosen

390 2428 608 2488 inducat
632 2431 877 2489 Hebraeis
899 2431 1001 2490 suis
1027 2435 1086 2490 in
1107 2431 1216 2491 haec
1241 2431 1403 2490 verba
1425 2450 1841 2512 praecipientem.
1886 2431 1965 2497 Μὴ
1993 2429 2148 2489 λοῖῖὲοι
2189 2433 2368 2504 nde&
2441 2448 2444 2449 ’
2503 2454 2505 2490 5
2532 2450 2534 2453 ·

389 2514 524 2586 ὁμεῖς
577 2514 739 2578 ἄλλης
780 2516 1041 2574 πολιτείὸις
1068 2558 1085 2585 ,
1139 2515 1311 2573 ’Ama
1349 2515 1530 2579 ταύτην
1565 2512 1776 2593 ςὲξγεἾε.
1859 2511 1955 2573 Τές
1991 2512 2133 2587 νέμεις
2170 2514 2371 2592 ’ἔχοντες

388 2590 634 2653 δεσπότας
660 2639 675 2665 ,
731 2603 846 2652 κατ’
887 2596 1032 2656 οἶυἹές
1069 2595 1228 2657 ἔκαε-α
1255 2595 1558 2672 *apd-cmm·
1642 2601 1815 2668 Ἀρκεῖ
1833 2595 1937 2672 γεῖς
1967 2598 1991 2650 o‘
2020 2595 2139 2655 Θεὸς
2167 2597 2375 2672 ἦγεμῶο

391 2673 521 2746 emo.
573 2680 701 2732 Non
729 2677 795 2756 est
817 2699 908 2735 cur
927 2681 1142 2736 alterius
1156 2681 1349 2762 politia
1375 2701 1469 2735 vos
1493 2684 1666 2762 capiat
1693 2675 1990 2756 desiderium
2017 2676 2158 2754 :⁰fi’d
2169 2678 2371 2761 praestaet

389 2773 447 2811 ut
469 2755 568 2813 hac
589 2765 809 2816 contenti
831 2765 887 2816 in
910 2763 1078 2839 legum
1107 2772 1186 2818 ΕΤ
1207 2760 1376 2838 vestra
1403 2760 1615 2843 ipfhrum
1625 2763 1743 2839 fitis
1800 2759 2011 2837 otestate.
2066 2765 2208 2815 Satis
2229 2765 2369 2818 enim

393 2837 460 2917 cst
493 2842 666 2896 Deum
699 2839 878 2897 habere
901 2841 1167 2924 praefidem.
1254 2841 1529 2923 Religiose
1557 2860 1696 2899 certe
1720 2777 1795 2899 is
1796 2838 2096 2899 observavit
2119 2839 2318 2897 Gideon
2343 2863 2365 2900 .·

389 2919 478 2973 cui
503 2941 672 2999 quum
693 2921 929 2980 Ifi‘ae'litae
951 2924 1239 3002 imperium
1261 2922 1556 2994 deferrent,
1571 2923 1629 2981 in
1653 2920 1827 2980 filium
1851 2920 2179 3002 nepotesque
2202 2921 2373 2981 trans-‘-

385 3002 711 3063 mittendum
733 3029 751 3075 3
793 3026 893 3064 non
913 3002 1094 3065 habebo
1120 3050 1136 3079 ,
1181 3005 1462 3086 inquiebat
1484 3049 1500 3079 ,
1544 3026 1629 3085 ego
1652 3003 1935 3064 dominium
1957 3008 2012 3061 in
2035 3024 2127 3061 vos
2148 3047 2167 3077 ,
2209 3025 2370 3082 neque

2210 3083 2364 3162 filim·
