2539 3612
365 111 492 167 :266
886 100 1869 162 '‘Eorta-inceptum

372 207 464 268 sed
486 226 602 266 non
628 226 688 263 ea
715 203 834 262 sane
866 204 986 280 lege
1021 218 1085 258 ut
1118 198 1294 256 nullus
1319 195 1385 255 de
1418 187 1697 275 religione,
1753 187 2140 248 immisceretur
2178 188 2394 267 sermo}

374 288 553 368 Qod
596 285 715 344 fieri
750 285 895 363 potis
935 296 1052 338 non
1099 277 1175 335 est
1201 321 1219 347 ,
1276 292 1338 334 ut
1361 299 1389 333 a
1414 273 1464 332 se
1498 277 1708 335 animus
1750 270 1917 352 usque
1957 270 2092 329 adeo
2133 273 2386 330 numinis.

377 373 567 450 plenus
591 370 861 442 impetret.
943 365 1158 420 Verum
1185 358 1408 438 quidem
1434 356 1539 427 est,
1595 354 1895 415 obstinatos
1919 354 1977 409 in
2002 349 2380 430 superstitione

378 450 468 508 sua
493 444 726 505 mansisse
765 443 1078 522 AEgyptios.
1111 459 1129 463 ”
1163 442 1219 497 Si
1247 436 1381 519 quid
1414 454 1594 495 tamen
1635 439 1695 494 in
1717 435 1900 492 medio
1940 431 2383 511 superstitionum

381 530 497 588 veri
530 525 801 604 sanctique
843 523 1008 582 fuerit
1033 567 1050 594 ‚
1116 522 1200 580 uti
1245 516 1604 598 persuasiones
1647 515 1753 573 istae
1788 515 1852 573 de
1892 513 2082 571 mundi
2125 515 2381 583 conditu,

382 611 683 668 animarum
706 605 1106 664 immortalitate
1138 647 1159 674 ,
1211 597 1418 669 diverso
1457 596 1841 658 defunctorum
1863 591 1999 652 statu
2029 639 2047 665 ,
2101 601 2158 652 &
2187 617 2302 676 quae
2329 594 2389 653 id

386 709 557 770 genus
581 689 733 767 plura
766 704 1134 746 memorantur
1157 726 1175 754 ,
1229 681 1285 740 id
1312 679 1433 760 ipsis
1461 700 1491 737 a
1514 676 1756 759 Josepho
1783 676 2140 748 inculcatum,
2185 678 2389 757 repeti-

388 790 510 828 tum
531 767 1022 846 confirmatumque
1049 764 1180 835 effe,
1222 765 1406 842 ecquis
1428 760 1674 820 dubitet?
1717 759 1793 815 Et
1815 754 2040 820 fortaffis
2066 758 2131 817 ab
2158 779 2224 816 eo
2250 778 2391 817 tem⁴

389 872 523 930 pore
555 871 667 929 quo
696 871 760 906 ex
785 847 1109 906 Sacerdotali
1147 845 1540 925 AEgyptiorum
1563 839 1767 899 familia
1789 861 2018 897 uxorem
2052 839 2150 897 fibi
2172 838 2394 899 adscivit

391 929 685 1012 JosephUS,
730 948 840 988 tam
869 926 1082 988 illustris
1120 928 1224 985 viri
1259 925 1508 1004 exemplo
1536 921 1962 997 circumoifionem
1989 918 2255 1001 suscepere
2280 922 2396 1002 pri-

393 1035 548 1071 mum
572 1010 753 1070 affines
779 1017 923 1086 ejus,
968 1027 1086 1067 tum
1110 1012 1166 1065 &
1192 1005 1540 1064 Sacerdotum
1561 1001 1777 1080 reliqui.

479 1097 551 1159 X.
590 1095 826 1151 -M0s1s
870 1092 1061 1161 etiam,
1104 1111 1133 1147 a
1158 1090 1338 1167 Regia
1360 1085 1472 1142 filia
1506 1082 1788 1159 adoptati,
1843 1082 1904 1138 in
1941 1083 2057 1139 aula
2081 1082 2145 1141 ad
2167 1080 2396 1140 summas

401 1173 517 1253 spes
540 1174 719 1233 educti
734 1217 751 1241 ‚
804 1173 1032 1252 ingenio
1063 1171 1317 1227 omnium
1339 1185 1521 1222 rerum
1545 1163 1752 1242 capaci,
1804 1161 2207 1242 virtutibusque
2230 1164 2399 1224 admi-

400 1254 578 1313 randis
603 1252 852 1332 praediti,
906 1272 1158 1332 magnam
1193 1247 1335 1327 apud
1359 1247 1642 1327 AEgyptios
1681 1242 2054 1301 auctoritatem
2094 1242 2245 1301 fuisse
2270 1289 2288 1316 ,
2343 1250 2402 1303 ἃ

405 1356 488 1393 res
511 1337 757 1415 loquitur
784 1377 802 1399 ,
860 1338 917 1391 &
952 1348 1234 1411 quotquot
1268 1327 1379 1385 fere
1419 1333 1530 1401 ejus
1563 1325 1932 1381 meminerunt
1965 1321 2251 1403 scriptores
2283 1347 2403 1384 uno

406 1433 501 1474 ore
526 1415 852 1474 attestantur.
939 1413 1097 1469 Olim
1128 1432 1192 1467 ex
1216 1410 1500 1490 Artapano
1523 1403 1856 1475 audivimus,
1908 1406 2165 1483 praeclaris
2196 1427 2321 1465 eum
2344 1409 2405 1465 in

407 1497 799 1576 rempublicam
836 1494 1042 1552 meritis
1090 1511 1206 1549 non
1242 1489 1576 1568 populorum
1617 1483 1788 1542 modo
1839 1484 1940 1543 fibi
1981 1483 2226 1545 favorem
2271 1509 2408 1546 con-

410 1577 599 1636 ciliaffe
613 1621 630 1647 ,
673 1595 864 1635 verum
887 1575 1049 1631 etiam
1071 1590 1252 1653 parem
1264 1568 1463 1650 sitperis
1485 1567 1720 1623 honorem
1742 1586 1778 1620 a
1802 1565 2157 1623 Sacerdotibus
2183 1571 2264 1641 effe
2284 1590 2407 1626 con-

150 1671 288 1723 Antiq.
316 1659 636 1735 liusecutum.
733 1657 808 1712 Et
845 1653 1095 1735 Josephus
1132 1652 1235 1717 ait,
1276 1647 1463 1723 Mosen
1489 1645 1554 1701 ab
1587 1648 1874 1725 eAEgyptiis
1898 1648 1977 1700 im
2010 1644 2303 1705 mirabilem
2328 1652 2410 1709 <sy-⁴

116 1737 345 1818 ssssssgfg'x·
406 1735 1022 1813 divinum-existimatum
1032 1732 1182 1809 fm'ffie
1206 1774 1223 1799 ‚
1267 1748 1380 1784 eum
1403 1742 1460 1783 ut
1470 1722 1570 1804 fibi
1593 1723 2019 1796 vindicaverint,
2060 1747 2126 1783 ac
2147 1730 2405 1811 Heliopo-

116 1840 243 1891 apuu:
270 1836 323 1870 A-
408 1824 552 1878 litem
560 1819 711 1896 fuff’
728 1815 1005 1894 finxerint.
1093 1813 1306 1892 Cyrillm
1330 1808 1495 1866 etiam
1528 1807 1785 1863 virtutem
1822 1804 1994 1863 Mofis
2022 1810 2078 1864 δε
2103 1809 2409 1872 mirabilem

119 1895 233 1938 μη
411 1898 726 1979 sapientiam
770 1895 989 1954 summae
1023 1891 1165 1973 apud
1203 1892 1486 1973 AEgyptios
1525 1886 1869 1946 admirationi
1908 1884 2060 1946 fuiffe
2094 1910 2213 1948 non
2244 1880 2407 1952 semel

415 1979 702 2051 affevjerat:
755 1999 856 2037 nec
882 1975 1097 2056 Judaeos
1134 1970 1307 2032 solum
1333 2016 1352 2043 ,
1406 1968 1497 2028 sed
1519 1972 1577 2026 δε
1618 1967 2000 2045 AEgyptiorum
2036 1970 2243 2050 aliquos
2280 1973 2409 2034 eum

419 2066 536 2121 Dei
564 2061 791 2120 nomine
827 2053 1089 2126 affecisse;
1144 2074 1339 2135 gnaros
1380 2045 1591 2108 fortaffe
1624 2048 1769 2104 illius
1794 2048 1961 2126 'quod
1987 2052 2140 2108 Deus
2175 2052 2412 2116 dix‘essatg

420 2149 553 2203 Ecce
576 2142 699 2200 dedi
722 2158 771 2197 te
791 2141 1057 2199 Pharaoni
1082 2139 1274 2194 Deum.
1314 2130 1488 2190 Exod.
1503 2149 1569 2188 v⁷1
1589 2148 1636 2186 1:
1658 2148 1704 2185 1.
1746 2130 1960 2187 Demus
1997 2129 2158 2188 ineffe
2179 2128 2413 2215 aliqu'am

424 2221 803 2283 locutionibus
825 2220 967 2278 hisce
989 2216 1338 2299 hyperbolen.
1405 2217 1488 2270 At
1510 2211 1594 2282 id,
1636 2211 1866 2289 opinor,
1910 2212 1970 2268 in
1995 2216 2413 2276 controversiam

421 2305 604 2363 vocari
635 2324 751 2360 non
776 2299 937 2358 debet
958 2345 976 2370 ,
1037 2299 1173 2378 quin
1196 2318 1308 2378 quo
1338 2314 1583 2373 tempore
1619 2290 1868 2350 nondum
1900 2295 2041 2372 regis
2074 2294 2416 2375 indignatio-⁷⁸

418 2406 548 2445 nem
569 2387 891 2453 incurrerat,
942 2403 1009 2439 eo
1047 2399 1293 2458 tempore
1317 2375 1515 2435 illustre
1540 2372 1699 2453 ipsius
1729 2394 1788 2430 ac
1817 2373 2118 2432 venerabile
2145 2382 2412 2459 AEgyptiis'

418 2488 626 2526 nomen
653 2463 832 2522 fuerit.
918 2464 993 2520 Et
1023 2463 1141 2541 quis
1169 2459 1373 2531 credat,
1414 2459 1593 2518 virum
1617 2472 1760 2514 tanta
1783 2457 1979 2534 pietate
2005 2474 2265 2538 tantoque
2284 2462 2419 2521 'zelo‘

423 2547 740 2627 praeditum,
785 2562 895 2602 tam
920 2540 1256 2601 sermonibus
1285 2562 1449 2620 quarn
1490 2538 1738 2616 exemplo
1759 2535 1854 2595 suo
1886 2535 2024 2594 nihil
2046 2537 2110 2595 de
2144 2530 2427 2620 religione*-

424 2630 723 2708 AEgyptios
749 2622 981 2683 docuiffe
1008 2630 1031 2681 ?
1090 2627 1210 2681 Aut
1232 2623 1515 2701 AEgyptios
1535 2617 1676 2678 nihil
1691 2615 1797 2676 fibi
1822 2617 2129 2696 persuadere
2152 2624 2319 2699 paffos
2348 2623 2420 2682 ab

429 2729 497 2766 eo
522 2712 640 2767 viro
670 2748 685 2776 ,
740 2708 827 2765 cui
850 2707 1124 2764 Divinum
1145 2703 1349 2783 aliquid
1375 2702 1534 2760 inesse
1559 2746 1576 2772 ,
1617 2721 1808 2779 neque
1846 2701 2095 2779 ignorare..
2127 2721 2376 2780 poterant
2399 2748 2419 2776 ,

422 2811 604 2870 neque
648 2787 966 2848 dissimulare
1006 2784 1301 2846 volebant:
1354 2781 1641 2863 praesertim
1673 2795 1846 2861 quum
1880 2802 2070 2840 omnes
2098 2781 2266 2845 adhuc
2300 2784 2419 2846 odii

426 2889 589 2951 atque.
613 2870 827 2929 invidiae
859 2867 1044 2927 caussas
1068 2868 1259 2947 procul
1280 2865 1573 2924 haberent?

523 2956 621 3009 XI.
663 2949 1016 3032 Posteaquam
1040 2970 1169 3009 vero
1194 2946 1426 3025 suscepta
1449 2991 1467 3018 ,
1517 2946 1634 3005 Dei
1658 2943 1913 3004 instinetu
1933 2941 2201 3026 jussuque,
2243 2967 2425 3028 popu-

439 3033 636 3096 larium
659 3031 880 3099 suorum
900 3029 1094 3110 cauffa,
1126 3032 1275 3117 regis
1310 3023 1992 3111 Tyrannidi-se1opposuit‚
2019 3028 2471 3113 >tam⁴sti1pcn1diQ

1555 3130 1559 3132 ’
2302 3130 2434 3190 pro-2
