2539 3612
401 168 515 247 138
929 169 1884 222 AEGYPT1A-co-Rum-

396 289 536 324 mum
571 263 870 333 induxerit3
903 264 1092 343 sibique
1139 280 1384 340 tanquam
1420 283 1472 317 eo
1510 265 1711 316 nomine
1743 261 1944 315 Divini
1969 256 2183 334 favoris
2203 260 2375 335 ficuro

401 347 610 430 impense
637 347 717 402 his
741 344 910 401 verbis
928 346 1225 422 gratulatus
1240 344 1406 418 fuerit
1434 365 1446 398 t
1490 340 1768 416 Nuncscio
1792 338 1923 419 quod
1947 336 2222 415 benefaciet
2245 342 2376 397 mihi

398 428 613 508 Jehova
637 425 841 482 habenti
864 429 1108 480 Levitam
1132 428 1186 478 in
1199 421 1523 498 sacerdotem.
1572 421 1719 477 Nam
1739 418 2000 500 quicquid
2024 418 2120 475 sibi
2146 423 2380 498 gratula-

401 527 485 565 tus
516 506 677 564 fuerit
712 502 1096 581 superstitiosus
1121 503 1365 572 Michas,
1410 501 1671 582 quicquid
1696 503 1745 557 ei
1769 499 2047 579 applaudat
2080 506 2378 582 Spenceru55

400 587 507 646 fuit
530 589 586 643 in
613 603 843 663 utroque
869 583 1009 641 fa8co
1036 601 1213 662 aperta
1236 585 1453 640 Divinae
1477 585 1640 662 Legis
1663 584 1903 639 violatio.
1989 580 2207 637 Etiamfi
2237 584 2380 639 anti·

402 665 660 747 quiffimis
685 662 870 721 seculis
896 667 969 721 ita
992 682 1356 742 comparatum
1383 663 1571 733 fuerit,
1615 681 1677 719 ut
1699 685 1813 719 non
1829 667 2161 744 primogeniti
2174 660 2379 731 solum,

442 745 552 802 uod
575 746 732 801 multi
762 747 986 813 Volunt,
1029 743 1164 800 sacra
1188 747 1288 801 rite
1314 742 1549 800 facerent
1577 767 1589 800 ε
1634 742 1722 800 sed
1747 749 1800 799 &
1826 747 1883 801 in
1912 740 2062 798 sacris
2085 763 2185 820 pro
2201 743 2254 817 fe
2278 765 2385 800 uno·

401 771 548 882 {eus
562 823 662 903 fibi
688 825 886 904 quisque
902 824 1136 900 sacerdos
1160 823 1311 894 effet3
1338 826 1634 881 recentiore
1662 842 1838 881 tamen
1872 824 1989 902 lege
2015 822 2154 901 apud
2181 822 2381 880 Israffli-

400 925 473 963 tas
513 912 745 984 AEgypto
794 904 1045 962 liberatos
1092 909 1172 979 jus
1209 902 1344 962 sacra
1376 903 1607 962 faciendi
1643 905 1708 962 ad
1741 903 1999 961 familiam
2045 907 2379 961 Aaronicam

398 983 701 1043 adstrictum
743 983 833 1041 est.
923 990 1072 1055 Hos,
1117 986 1297 1063 inquit
1331 987 1537 1062 Moses,
1586 985 1650 1042 de
1689 983 2061 1042 Sacerdotibus
2085 987 2382 1041 Aaronicis

399 1069 625 1145 {loquens
661 1069 830 1123 Deut.
869 1086 992 1122 XXI.
1031 1082 1076 1142 5.
1122 1067 1272 1144 elegii
1300 1070 1556 1124 Dominus
1591 1069 1737 1122 Deus
1760 1082 1903 1133 tuus,
1946 1080 2001 1120 ut
2023 1065 2309 1139 ministrent
2332 1070 2381 1121 ei

401 1159 479 1203 ὕ*
501 1146 798 1203 benedicant
824 1152 879 1202 in
903 1152 1104 1203 nomine
1127 1150 1245 1226 ejus.
1331 1145 1491 1203 Adde
1523 1165 1545 1198 1
1560 1189 1570 1199 .
1587 1143 1717 1201 Chr.
1735 1164 1833 1198 xx1
1853 1164 1874 1198 Ι
1894 1164 1941 1198 Ι,
1969 1163 2056 1220 13.
2139 1145 2212 1200 Et
2235 1161 2380 1201 tanta

398 1227 619 1304 quidem
643 1225 913 1283 severitate
950 1228 1186 1305 reliquos
1223 1247 1413 1282 omnes
1439 1247 1467 1280 a
1494 1222 1788 1281 Sacerdotii
1814 1221 2094 1280 functione
2118 1224 2272 1280 Deus
2296 1246 2380 1280 ar-

399 1310 538 1376 cuit,
581 1326 643 1363 ut
677 1326 876 1363 temere
903 1306 952 1363 se
978 1303 1349 1386 ingerentibus
1375 1307 1560 1383 capitis
1584 1325 1803 1381 poenam
1825 1306 2183 1360 intentaverit.
2199 1305 2372 1362 Num.

405 1408 429 1442 1.
445 1408 466 1442 1
486 1409 533 1444 1:
557 1407 651 1444 10..
671 1391 945 1448 Aaronem
969 1410 1089 1443 vero
1118 1398 1195 1443 (9⁴
1202 1386 1352 1462 filios
1388 1389 1491 1464 ejus
1503 1383 1741 1466 praficito
1767 1400 1821 1439 ut
1845 1382 2095 1459 observent
2129 1384 2376 1440 Sacerdo-

396 1474 525 1525 tium
537 1469 685 1543 flium
710 1490 726 1524 .·
771 1489 895 1524 nam
921 1473 1201 1545 quicunque
1226 1482 1494 1520 extraneus
1517 1465 1762 1538 acceſj‘erit
1784 1481 1941 1519 morte
1956 1464 2216 1546 plec‘letur.
2262 1471 2380 1523 Ex·-

398 1566 601 1605 traneus
625 1567 802 1605 autem
825 1545 1131 1605 censebatur
1154 1589 1170 1615 ,
1215 1547 1527 1624 quicunque
1565 1566 1628 1601 ex
1654 1546 1752 1601 alia
1787 1543 1933 1601 tribu
1957 1564 2065 1602 erat
2088 1567 2250 1625 quam
2272 1551 2378 1603 Le-

396 1635 593 1698 vitica3
635 1630 749 1684 imo
786 1626 987 1684 etiamfi
1020 1648 1085 1682 ex
1120 1629 1361 1682 Levitica
1398 1623 1524 1681 esset
1559 1623 1705 1681 tribu
1717 1669 1733 1694 ,
1777 1627 2090 1704 quicunque
2126 1648 2242 1683 non
2267 1646 2377 1685 erat
2410 1664 2424 1676 -

399 1729 461 1764 ex
485 1709 687 1766 familia
709 1711 965 1766 Aaronis.
1049 1708 1132 1763 Ex
1155 1707 1287 1784 legis
1313 1726 1444 1783 ergo
1469 1707 1648 1781 rigore
1677 1706 1867 1760 mortis
1892 1725 2111 1780 poenam
2137 1709 2375 1764 incurre-

394 1787 526 1846 bant
549 1807 658 1845 tam
682 1789 879 1844 Michae
902 1787 1042 1844 filius
1069 1807 1230 1865 quam
1251 1789 1472 1852 Levita,
1515 1804 1632 1839 non
1657 1783 1988 1852 Aaronides,
2015 1781 2151 1841 sacra
2173 1782 2378 1845 facien-

401 1886 473 1926 tes
500 1894 513 1926 ε
557 1886 769 1926 tantum
791 1867 934 1926 abest
957 1863 1017 1924 ut
1041 1866 1096 1923 id
1128 1884 1378 1943 tanquam
1412 1865 1692 1943 egregium
1725 1862 1885 1922 studii
1925 1867 1984 1921 in
2007 1866 2273 1925 Deum&
2299 1869 2384 1926 le-

399 1970 523 2028 gem
544 1951 809 2006 Divinam
832 1948 1219 2006 documentum
1243 1944 1442 2002 laudari
1465 1967 1495 2001 a
1517 1951 1757 2027 Spencero
1783 1944 2044 2002 debuerit.

479 2034 633 2088 XIV.
676 2031 936 2109 Denique
982 2046 1177 2110 turpem
1212 2024 1504 2083 admodum
1549 2024 1836 2103 tristemque
1868 2024 1976 2082 haec
2015 2047 2094 2083 res
2115 2029 2390 2107 sequelam·

400 2109 598 2168 habuit.
685 2111 833 2166 Nam
867 2128 927 2166 ut
962 2109 1099 2166 nihil
1133 2107 1182 2164 se
1209 2105 1413 2163 facilius
1438 2101 1698 2185 citiusque
1725 2102 1981 2164 diffundit
2003 2129 2165 2185 quarn
2190 2131 2374 2167 exem-

393 2193 544 2268 plum
566 2193 768 2250 malum
779 2215 796 2260 3
839 2192 913 2247 ita
945 2190 1097 2246 brevi
1138 2186 1338 2244 factum
1372 2184 1473 2255 est,
1516 2203 1578 2242 ut
1612 2187 1768 2243 vetiti
1803 2188 1942 2244 illius
1980 2188 2151 2245 cultus
2173 2191 2284 2247 lues
2309 2213 2386 2249 ex·

395 2274 596 2350 privata
619 2273 788 2330 domo
823 2273 923 2326 late
958 2270 1167 2347 serpens
1203 2269 1467 2345 integram
1491 2264 1778 2323 confestim
1800 2265 1994 2324 Israelis
2017 2267 2222 2327 tribum
2244 2270 2377 2329 infi-

397 2370 554 2409 ceret.
635 2356 843 2408 Danitae
890 2352 1039 2406 enim
1073 2346 1217 2405 foeda
1249 2346 1357 2403 haec
1392 2348 1545 2404 anilis
1580 2346 1966 2427 superstitionis
2012 2371 2370 2430 nugamenta,

396 2432 593 2488 Michae
629 2432 991 2511 nequicquam
1024 2447 1212 2486 contra
1247 2427 1493 2486 tendenti
1526 2450 1622 2507 per
1644 2431 1758 2485 vim
1782 2447 1990 2507 erepta,
2032 2433 2092 2487 in
2115 2431 2248 2489 urbe
2272 2435 2373 2490 tri-

393 2511 493 2568 bus
517 2510 615 2569 suae
640 2512 1000 2591 cognomine,
1042 2511 1211 2569 veluti
1234 2507 1369 2566 sacra
1392 2510 1637 2590 quaedam*
1655 2507 1983 2568 sacratissima
2018 2510 2215 2591 insigni
2236 2534 2371 2591 prae-

392 2590 698 2670 posteritate
737 2592 827 2650 diu
863 2593 1159 2649 coluerunt.
1245 2589 1459 2648 Eodem
1494 2593 1762 2648 nimirum
1787 2593 1923 2652 loci,
1969 2590 2066 2648 ubi
2086 2592 2372 2672 Jeroboam

390 2671 574 2750 postea
605 2676 837 2731 vitulum
871 2694 1090 2731 aureum
1139 2670 1418 2730 constituit
1444 2716 1461 2742 ,
1517 2674 1678 2729 toties
1715 2671 2031 2753 indignante
2081 2676 2365 2753 Scriptura.

395 2751 496 2811 Sed
520 2759 573 2811 &
609 2753 744 2812 hanc
780 2776 894 2811 rem
917 2755 1076 2834 nigro
1113 2753 1279 2811 Theta
1305 2755 1529 2832 Spiritus
1553 2756 1667 2811 Dei
1690 2757 1930 2825 notavit,
1972 2759 2028 2809 &
2052 2756 2220 2812 exitio
2248 2775 2369 2815 tan-

395 2833 516 2891 dem
539 2840 760 2893 Danitis
798 2834 918 2892 fuit.
1005 2835 1241 2916 Jud.xv1
1259 2854 1282 2890 1
1300 2854 1347 2890 Ι.
1379 2855 1467 2913 30.
1509 2835 1643 2892 Tum
1653 2836 1940 2914 statuerunt
1953 2832 2054 2912 fibi
2057 2835 2178 2912 filii
2189 2840 2387 2912 Danis*

399 2915 527 2971 illud
537 2916 774 2999 sculptile
799 2938 817 2973 .·
860 2916 1132 2996 Jonathan
1152 2937 1272 2972 vero
1281 2914 1436 2992 filius
1459 2915 1746 2987 Gersomi,
1772 2915 1927 2994 filius
1952 2915 2204 2974 Menaffis
2218 2917 2367 2990 ,(hic

401 2996 630 3053 creditur
653 2995 799 3055 fuiffe
825 3003 1017 3055 Levita
1041 2996 1191 3078 supra
1213 3016 1563 3056 memoratus:
1607 3019 1707 3078 pro
1731 2998 1962 3072 Menasse
1983 2999 2174 3055 Latina
2197 2998 2377 3058 verfio

398 3077 528 3157 legit
552 3077 763 3154 Moftn3
800 3084 854 3136 &
889 3077 1110 3139 Hebraei
1134 3078 1823 3160 traduntGerspmumhunc
1845 3076 2214 3159 filiumMofis
2237 3079 2372 3139 fuis-

2292 3159 2388 3236 se,
