2539 3612
800 168 1514 235 L113.1.CAP.1‚
2156 213 2180 268 3

71 268 74 270 i
141 276 438 338 ineundam
448 272 638 333 habuit
653 297 666 333 τ
681 272 964 334 Idolorum
977 277 1125 334 cultu
1150 273 1246 334 sub
1271 281 1459 359 capitis
1474 299 1638 359 poena
1660 281 1870 360 populo
1886 283 1981 343 suo
2007 287 2178 350 inter-2

137 358 308 430 dixit,
333 365 389 417 &
411 360 576 415 ritum
602 355 905 438 quemlibet
929 360 1216 438 antiquum
1241 362 1336 439 qui
1351 363 1556 441 peccati
1581 364 1887 442 exemplum
1913 369 1997 424 vel
2020 390 2178 430 occa-

134 440 214 503 sio
239 438 440 499 exstitit
464 482 481 508 ,
536 456 793 519 tanquam
817 438 1127 498 membrum
1164 442 1652 520 corruptissimum,
1696 467 1725 502 a
1749 447 1921 503 cultus
1960 453 2172 532 antiqui

134 540 392 600 corpore,
436 520 571 600 legis
598 517 698 578 suae
723 516 844 577 ense
870 523 1183 600 amputavit.
1271 526 1440 581 Alios
1464 541 1633 581 autem
1656 547 1756 581 non
1771 545 1992 609 paucos,
2021 536 2169 614 Qos

131 600 610 663 1NNEPTIA
631 606 662 660 S
718 601 1065 661 NORAT
1113 605 1417 663 MAGIS
1469 607 2123 672 TOLERABILES
2145 661 2162 686 ,

131 696 216 748 (θ’
237 683 312 743 ad
332 684 618 765 mysterium
638 683 852 764 aliquod
873 682 1287 744 adumbrandum
1309 692 1531 770 aptiores
1557 732 1585 759 ‚‚
1619 694 1672 744 in
1684 689 1948 764 sacrorum
1971 693 2164 767 album,

131 783 563 828 PAULULuM
610 785 996 828 EMENDAT
1013 786 1089 826 os
1114 811 1131 837 ,
1173 767 1498 851 transiripstt.
1544 774 1735 848 Atque
1774 772 1898 830 inde
1934 792 2121 836 natum
2144 820 2164 849 ‚

129 846 285 928 quod
321 866 409 906 tot
443 853 623 905 inanes
646 846 1004 932 baptismorum
1025 854 1187 920 ritus,
1230 857 1611 909 neomeniarum
1621 852 1761 930 festa
1785 855 1841 911 in
1870 854 2004 913 lunae
2028 858 2164 919 olim

126 926 448 989 renascentis
481 928 755 989 honorem
790 933 886 1001 (ni
922 932 1263 988 Maimonidi
1295 954 1429 989 vana
1452 931 1620 1004 fides)
1645 931 1934 1005 celebrata,
1977 959 2167 995 morem
2194 955 2296 997 Mor.
2308 961 2408 999 Ner„

128 1009 340 1069 choreas
365 1016 499 1069 inter
510 1010 914 1091 sacrificandum
935 1011 1186 1082 ducendi,
1219 1013 1468 1093 festorum
1479 1013 1743 1090 fhlennia‚
1786 1015 1942 1093 vestis
1980 1020 2167 1077 candi-
2188 1013 2217 1100 ξ
2220 1021 2321 1103 ἓξὲξ
2323 1025 2394 1104 1¹¹*

124 1090 202 1149 dae
222 1137 241 1164 ,
286 1105 368 1152 (φ’
399 1095 586 1174 mustea
612 1094 1016 1168 instrumentalis
1038 1139 1055 1165 ,
1099 1094 1232 1153 dum
1256 1116 1370 1153 rem
1393 1097 1659 1154 Divinam
1683 1092 1947 1167 facerent,
1993 1100 2162 1175 usum,
2212 1092 2220 1102 ⁸
2346 1095 2354 1106 ξ

123 1176 184 1315 ἓξ
209 1169 809 1311 εῘιιΓάειΕΠεῙοηάἰὲἱοηίε
834 1178 962 1247 alia,
1018 1175 1084 1234 ad
1107 1178 1316 1235 cultum
1352 1182 1407 1234 δε
1435 1174 1702 1235 sacrorum
1735 1175 1955 1236 suorum
2003 1179 2165 1241 fami<

170 1276 257 1313 am
281 1274 396 1313 tran
504 1273 622 1312 erit.

208 1337 281 1392 V.
326 1336 402 1391 Et
423 1332 520 1389 hac
546 1334 771 1413 quidem
795 1337 853 1390 in
878 1356 932 1390 re
958 1338 1198 1413 praeclara
1210 1342 1546 1419 Sapientia&
1572 1342 1836 1397 Bonitatis
1864 1340 1961 1399 suae
1974 1362 2158 1403 exem—-

122 1415 212 1495 pla
234 1414 405 1474 edidit
440 1415 595 1472 Deus
620 1413 695 1471 O.
723 1415 806 1471 M.
844 1418 1142 1497 Sapientia:
1185 1419 1331 1473 nulla
1369 1421 1518 1475 enim
1542 1439 1649 1476 arte
1676 1440 1786 1477 tam
1810 1418 1964 1480 facile
1989 1422 2157 1483 obtu«

120 1496 271 1557 floris
293 1498 382 1554 ille
408 1494 516 1554 nasi
540 1497 774 1576 populus
802 1494 867 1553 ad
889 1498 1084 1554 cultum
1106 1519 1228 1554 vere
1263 1517 1484 1567 novum,
1529 1521 1693 1579 quam
1726 1521 1822 1579 per
1856 1503 2153 1563 umbratiles

121 1580 325 1660 aliquas
347 1583 538 1636 veteris
561 1580 841 1659 reliquias,
886 1579 1026 1635 allici
1061 1577 1331 1658 potuiffet.
1419 1579 1569 1636 Nam
1604 1603 1745 1639 nova
1779 1586 1966 1641 omnia
1990 1596 2016 1656 ,’
2053 1587 2152 1648 nisi

119 1677 367 1721 veterum
388 1660 623 1740 speciem
656 1662 892 1741 aliquam
918 1660 1144 1719 induant
1165 1706 1181 1731 ‚
1226 1662 1410 1718 animo
1436 1663 1712 1741 iniquiore
1738 1661 1875 1720 ferre
1903 1664 2039 1724 solet
2064 1670 2151 1726 in-

118 1740 305 1805 sulsior
326 1743 578 1822 populus,
664 1742 835 1801 Unde
860 1741 993 1799 illud
1015 1743 1197 1799 Taciti
1220 1763 1238 1798 :
1283 1746 1565 1800 Arcanum
1588 1749 1716 1799 novi
1735 1743 1931 1822 status,
1976 1753 2147 1829 imago

118 1828 342 1902 antiqui.
429 1820 535 1878 Sed
569 1841 669 1877 nec
695 1824 909 1878 minora
933 1828 1284 1900 Benignitatis
1295 1821 1395 1881 suae
1417 1823 1742 1882 documenta
1763 1825 1992 1904 praebuit
2003 1827 2147 1889 sum«

119 1926 241 1967 mus
266 1900 535 1982 legissator
559 1923 573 1958 t
618 1923 790 1981 quum
813 1903 962 1959 enim
988 1904 1065 1958 illi
1102 1902 1549 1963 reformationem
1572 1907 1756 1964 moliri
1792 1905 1964 1967 visum
1988 1912 2144 1984 esset,

119 2007 238 2049 non
271 1984 522 2063 protinus
546 1982 817 2064 quidquid
852 2003 915 2038 ex
938 1981 1035 2039 usu
1059 2002 1236 2043 vetere
1262 1987 1382 2045 tolli
1416 1990 1603 2064 potuit
1636 1992 1814 2060 (more
1849 1987 2144 2052 hominum

115 2067 332 2150 ingenii
355 2062 696 2146 praefervidi)
742 2061 1007 2121 sublatum
1031 2066 1130 2121 ivit
1143 2090 1159 2134 ;
1202 2064 1292 2125 sed
1315 2068 1585 2149 quidquid
1608 2069 1900 2129 commode
1922 2073 2139 2132 tolerari
2165 2061 2169 2065 ¹

114 2149 331 2233 potuit,
374 2145 442 2204 ad
465 2145 628 2224 καιςδν
652 2143 819 2225 usque
844 2145 1140 2222 διορθώσεως
1173 2148 1437 2206 toleravit.
1513 2155 1661 2230 -Qo
1684 2151 1842 2227 pacto
1867 2152 1932 2209 ad
1954 2151 2141 2212 homi-

114 2253 254 2293 num
277 2225 625 2287 infirmorum
647 2223 916 2286 mensuras
938 2223 1042 2284 sese
1076 2231 1477 2307 attemperavit,
1521 2235 1577 2286 δε
1612 2250 1707 2308 per
1739 2235 1872 2287 ritus
1907 2232 2022 2311 istos
2036 2254 2141 2298 ve*

115 2326 276 2384 teres,
308 2312 469 2394 paulo
505 2308 900 2381 emendatiores,
944 2325 1201 2388 tanquam
1234 2329 1331 2389 per
1344 2314 1524 2393 prima
1547 2312 1830 2367 &leviora
1857 2310 2141 2372 obedientia

111 2394 441 2462 rudimenta,
482 2391 548 2449 ad
562 2396 810 2474 pietatem
832 2392 1048 2450 virilem
1073 2391 1379 2469 &severam
1412 2392 1607 2474 populi
1643 2389 1929 2450 infantiam
1951 2391 2142 2457 sensim

112 2494 176 2535 ac
200 2473 397 2535 leniter
421 2473 636 2532 erudiit.

130 2588 132 2590 ·
199 2561 303 2618 VI.
350 2550 529 2614 Multa
550 2577 580 2613 a
599 2555 751 2614 Viris
783 2554 1124 2617 Dofflffimis
1159 2552 1414 2638 congesta
1441 2553 1563 2614 sunt
1587 2601 1603 2626 ,
1661 2554 1860 2636 quibus
1883 2554 2014 2616 huic
2040 2554 2141 2619 suae

111 2637 387 2699 assertioni
410 2635 577 2696 fidem
599 2635 812 2699 faciant.
896 2640 977 2698 Ea
997 2661 1175 2699 autem
1187 2660 1361 2720 quum
1383 2638 1678 2717 plurimum
1701 2637 2144 2699 reconditaecon-

114 2722 327 2781 tineant
359 2718 681 2778 eruditionis
704 2763 722 2790 ‚
774 2738 892 2781 non
926 2722 1178 2781 videntur
1214 2719 1505 2780 Clarissimi
1542 2720 1811 2778 Au<9cores
1837 2717 1925 2778 sua
1946 2720 2134 2793 laude,

111 2803 197 2863 uti
232 2825 332 2862 nec
364 2800 585 2860 studiosi
618 2803 870 2861 Lectores
904 2804 1235 2879 jucunditate
1259 2847 1275 2874 ‚
1331 2822 1490 2885 atque
1525 2803 1754 2861 utilitate
1793 2822 1910 2882 quae
1936 2802 2132 2862 exinde

108 2887 316 2968 percipi
343 2882 547 2964 p0test,
591 2881 937 2943 defraudandi
958 2884 1075 2944 effe.
1163 2883 1367 2943 Nostra
1391 2887 1554 2943 etiam
1577 2881 1794 2941 interest
1816 2901 1879 2940 ut
1902 2883 2129 2943 candide

109 2970 300 3028 omnia
320 2965 646 3039 referantur,
690 2988 802 3047 quo
826 2987 1046 3026 examen
1069 2967 1222 3048 super
1255 2968 1321 3024 iis
1355 2968 1644 3025 accuratius
1682 2963 1917 3034 institui,
1963 2970 2018 3022 &
2040 2971 2126 3040 ju-=

113 3049 320 3109 dicium
343 3048 658 3132 prudentius
681 3067 839 3130 atque
865 3046 1113 3108 sincerius
1138 3048 1359 3108 formari
1385 3064 1561 3130 queat.
1617 3049 1779 3106 Hanc
1802 3068 1968 3105 unam
1982 3043 2119 3104 mihi

107 3129 415 3192 fibertatem
438 3154 470 3191 a
488 3132 640 3189 Viris
661 3128 964 3212 aequiffimis
987 3130 1249 3212 deposcO,
1274 3149 1335 3188 ut
1361 3151 1477 3212 quae
1503 3128 1599 3212 ipsi
1627 3127 1865 3210 sparsim,
1891 3132 1946 3184 &
1961 3144 2125 3206 prout

111 3205 418 3299 argumenti
439 3211 520 3276 sui
539 3215 677 3274 ratio
703 3211 979 3297 exigebat,
1020 3213 1110 3275 hic
1129 3214 1245 3275 fiuic
1268 3258 1284 3284 ‚
1301 3216 1360 3272 in
1384 3213 1785 3274 commentariis
1807 3208 1911 3271 suis
1934 3206 2125 3349 scripita

156 3306 161 3309 ’
1205 3297 1265 3354 Α
1310 3314 1344 3354 2.
2000 3309 2054 3348 re
2079 3310 2127 3349 ιο
