<?xml version="1.0" encoding="UTF-8"?>
<!DOCTYPE html PUBLIC "-//W3C//DTD XHTML 1.0 Transitional//EN"
    "http://www.w3.org/TR/xhtml1/DTD/xhtml1-transitional.dtd">
<html xmlns="http://www.w3.org/1999/xhtml" xml:lang="en" lang="en">
 <head>
  <title>
</title>
<meta http-equiv="Content-Type" content="text/html;charset=utf-8" />
  <meta name='ocr-system' content='tesseract 3.04.00' />
  <meta name='ocr-capabilities' content='ocr_page ocr_carea ocr_par ocr_line ocrx_word'/>
</head>
<body>
  <div class='ocr_page' id='page_1' title='image "./hermanniwitsiiae00wits_0172.png"; bbox 0 0 2539 3612; ppageno 0'>
   <div class='ocr_carea' id='block_1_1' title="bbox 137 416 350 469">
    <p class='ocr_par' dir='ltr' id='par_1_1' title="bbox 137 416 350 469">
     <span class='ocr_line' id='line_1_1' title="bbox 137 416 350 469; baseline 0.005 -16"><span class='ocrx_word' id='word_1_1' title='bbox 137 416 233 469; x_wconf 78' lang='lat' dir='ltr'><em>Cap.</em></span> <span class='ocrx_word' id='word_1_2' title='bbox 257 427 350 456; x_wconf 73' lang='grc' dir='ltr'><em>νη.</em></span> 
     </span>
    </p>
   </div>
   <div class='ocr_carea' id='block_1_2' title="bbox 142 1065 379 1159">
    <p class='ocr_par' dir='ltr' id='par_1_2' title="bbox 142 1065 379 1159">
     <span class='ocr_line' id='line_1_2' title="bbox 142 1065 379 1117; baseline -0.013 -12"><span class='ocrx_word' id='word_1_3' title='bbox 142 1065 230 1105; x_wconf 83' lang='lat' dir='ltr'><em>Lib.</em></span> <span class='ocrx_word' id='word_1_4' title='bbox 248 1075 284 1105; x_wconf 81' lang='lat' dir='ltr'><em>V.</em></span> <span class='ocrx_word' id='word_1_5' title='bbox 301 1075 379 1117; x_wconf 82' lang='lat' dir='ltr'><em>cap.</em></span> 
     </span>
     <span class='ocr_line' id='line_1_3' title="bbox 147 1131 236 1159; baseline -0.011 -1"><span class='ocrx_word' id='word_1_6' title='bbox 147 1133 160 1158; x_wconf 87' lang='lat'><strong>1</strong></span> <span class='ocrx_word' id='word_1_7' title='bbox 176 1133 190 1159; x_wconf 85' lang='lat'>1</span> <span class='ocrx_word' id='word_1_8' title='bbox 205 1131 236 1157; x_wconf 82' lang='lat'><em>1.</em></span> 
     </span>
    </p>
   </div>
   <div class='ocr_carea' id='block_1_3' title="bbox 147 1477 412 1530">
    <p class='ocr_par' dir='ltr' id='par_1_3' title="bbox 147 1477 412 1530">
     <span class='ocr_line' id='line_1_4' title="bbox 147 1477 412 1530; baseline -0.008 -12"><span class='ocrx_word' id='word_1_9' title='bbox 147 1477 230 1518; x_wconf 53' lang='lat' dir='ltr'><em>tib,</em></span> <span class='ocrx_word' id='word_1_10' title='bbox 256 1490 412 1530; x_wconf 75' lang='lat' dir='ltr'><em>1.p.2z,</em></span> 
     </span>
    </p>
   </div>
   <div class='ocr_carea' id='block_1_4' title="bbox 417 147 1938 225">
    <p class='ocr_par' dir='ltr' id='par_1_4' title="bbox 417 147 1938 225">
     <span class='ocr_line' id='line_1_5' title="bbox 417 147 1938 225; baseline -0.001 -22"><span class='ocrx_word' id='word_1_11' title='bbox 417 147 550 225; x_wconf 84' lang='lat'>-148</span> <span class='ocrx_word' id='word_1_12' title='bbox 961 151 1938 205; x_wconf 79' lang='lat' dir='ltr'><strong>AEGYPTIACORUM</strong></span> 
     </span>
    </p>
   </div>
   <div class='ocr_carea' id='block_1_5' title="bbox 412 244 2406 1133">
    <p class='ocr_par' dir='ltr' id='par_1_5' title="bbox 412 244 2406 1133">
     <span class='ocr_line' id='line_1_6' title="bbox 421 244 2398 335; baseline 0 -28"><span class='ocrx_word' id='word_1_13' title='bbox 421 273 520 309; x_wconf 86' lang='lat' dir='ltr'><em>nes</em></span> <span class='ocrx_word' id='word_1_14' title='bbox 545 251 690 311; x_wconf 81' lang='lat' dir='ltr'><em>hodie</em></span> <span class='ocrx_word' id='word_1_15' title='bbox 713 251 810 335; x_wconf 77' lang='lat' dir='ltr'><em>ipso</em></span> <span class='ocrx_word' id='word_1_16' title='bbox 834 254 918 308; x_wconf 89' lang='lat' dir='ltr'><em>illo</em></span> <span class='ocrx_word' id='word_1_17' title='bbox 943 249 1178 306; x_wconf 84' lang='lat' dir='ltr'><em>videmus</em></span> <span class='ocrx_word' id='word_1_18' title='bbox 1204 254 1258 304; x_wconf 88' lang='lat' dir='ltr'><em>in</em></span> <span class='ocrx_word' id='word_1_19' title='bbox 1271 252 1413 327; x_wconf 79' lang='lat' dir='ltr'><em>figno</em></span> <span class='ocrx_word' id='word_1_20' title='bbox 1429 254 1571 318; x_wconf 83' lang='lat' dir='ltr'><em>‚oris</em></span> <span class='ocrx_word' id='word_1_21' title='bbox 1594 249 1698 302; x_wconf 85' lang='lat' dir='ltr'><em>loco</em></span> <span class='ocrx_word' id='word_1_22' title='bbox 1716 249 1957 328; x_wconf 72' lang='lat' dir='ltr'><em>postium,</em></span> <span class='ocrx_word' id='word_1_23' title='bbox 1984 244 2300 320; x_wconf 82' lang='lat' dir='ltr'><em>indolatum,</em></span> <span class='ocrx_word' id='word_1_24' title='bbox 2319 263 2398 310; x_wconf 53' lang='grc' dir='ltr'><em>(φ</em></span> 
     </span>
     <span class='ocr_line' id='line_1_7' title="bbox 430 329 2402 417; baseline -0.002 -27"><span class='ocrx_word' id='word_1_25' title='bbox 430 335 654 417; x_wconf 84' lang='lat' dir='ltr'><em>asperum</em></span> <span class='ocrx_word' id='word_1_26' title='bbox 680 378 695 403; x_wconf 88' lang='lat'>‚</span> <span class='ocrx_word' id='word_1_27' title='bbox 754 348 831 389; x_wconf 58' lang='lat'><em>(9⁹</em></span> <span class='ocrx_word' id='word_1_28' title='bbox 854 333 1125 410; x_wconf 81' lang='lat' dir='ltr'><em>fimulacro</em></span> <span class='ocrx_word' id='word_1_29' title='bbox 1150 331 1349 404; x_wconf 89' lang='lat' dir='ltr'><em>faciem</em></span> <span class='ocrx_word' id='word_1_30' title='bbox 1372 335 1539 385; x_wconf 79' lang='lat' dir='ltr'><em>minus</em></span> <span class='ocrx_word' id='word_1_31' title='bbox 1565 329 1831 408; x_wconf 76' lang='lat' dir='ltr'><em>expreffam</em></span> <span class='ocrx_word' id='word_1_32' title='bbox 1843 330 2167 404; x_wconf 80' lang='lat' dir='ltr'><em>fimulatione</em></span> <span class='ocrx_word' id='word_1_33' title='bbox 2180 331 2402 411; x_wconf 78' lang='lat' dir='ltr'><em>praben-</em></span> 
     </span>
     <span class='ocr_line' id='line_1_8' title="bbox 425 407 2404 492; baseline -0.001 -23"><span class='ocrx_word' id='word_1_34' title='bbox 425 432 541 471; x_wconf 87' lang='lat' dir='ltr'><em>tem.</em></span> <span class='ocrx_word' id='word_1_35' title='bbox 586 414 730 471; x_wconf 86' lang='lat' dir='ltr'><em>Vide</em></span> <span class='ocrx_word' id='word_1_36' title='bbox 757 414 971 490; x_wconf 82' lang='lat' dir='ltr'><em>reliqua.</em></span> <span class='ocrx_word' id='word_1_37' title='bbox 1016 413 1106 467; x_wconf 89' lang='lat' dir='ltr'><em>De</em></span> <span class='ocrx_word' id='word_1_38' title='bbox 1133 408 1478 489; x_wconf 74' lang='lat' dir='ltr'><em>Heliogabalo</em></span> <span class='ocrx_word' id='word_1_39' title='bbox 1503 407 1835 489; x_wconf 71' lang='lat' dir='ltr'><em>Lampridius</em></span> <span class='ocrx_word' id='word_1_40' title='bbox 1862 411 1918 464; x_wconf 88' lang='lat' dir='ltr'><em>in</em></span> <span class='ocrx_word' id='word_1_41' title='bbox 1944 415 2052 482; x_wconf 86' lang='lat' dir='ltr'><em>ejus</em></span> <span class='ocrx_word' id='word_1_42' title='bbox 2077 412 2211 467; x_wconf 85' lang='lat' dir='ltr'><em>vita:</em></span> <span class='ocrx_word' id='word_1_43' title='bbox 2238 417 2404 492; x_wconf 86' lang='lat' dir='ltr'><em>Lapi-</em></span> 
     </span>
     <span class='ocr_line' id='line_1_9' title="bbox 425 489 2399 574; baseline -0.002 -24"><span class='ocrx_word' id='word_1_44' title='bbox 425 495 513 551; x_wconf 90' lang='lat' dir='ltr'><em>des</em></span> <span class='ocrx_word' id='word_1_45' title='bbox 536 501 623 574; x_wconf 85' lang='lat' dir='ltr'><em>qui</em></span> <span class='ocrx_word' id='word_1_46' title='bbox 647 497 788 548; x_wconf 85' lang='lat' dir='ltr'><em>Divi</em></span> <span class='ocrx_word' id='word_1_47' title='bbox 811 491 1079 560; x_wconf 82' lang='lat' dir='ltr'><em>dicuntur,</em></span> <span class='ocrx_word' id='word_1_48' title='bbox 1106 512 1168 545; x_wconf 84' lang='lat' dir='ltr'><em>ex</em></span> <span class='ocrx_word' id='word_1_49' title='bbox 1187 496 1391 573; x_wconf 80' lang='lat' dir='ltr'><em>proprio</em></span> <span class='ocrx_word' id='word_1_50' title='bbox 1416 493 1598 573; x_wconf 83' lang='lat' dir='ltr'><em>templo</em></span> <span class='ocrx_word' id='word_1_51' title='bbox 1625 493 1809 544; x_wconf 70' lang='lat' dir='ltr'><em>Dum</em></span> <span class='ocrx_word' id='word_1_52' title='bbox 1836 489 2121 560; x_wconf 77' lang='lat' dir='ltr'><em>Laodicea,</em></span> <span class='ocrx_word' id='word_1_53' title='bbox 2151 504 2228 547; x_wconf 50' lang='grc' dir='ltr'><em>(ν’</em></span> <span class='ocrx_word' id='word_1_54' title='bbox 2251 495 2399 572; x_wconf 79' lang='lat' dir='ltr'><em>adyto</em></span> 
     </span>
     <span class='ocr_line' id='line_1_10' title="bbox 412 571 2404 654; baseline 0.001 -25"><span class='ocrx_word' id='word_1_55' title='bbox 412 578 501 652; x_wconf 77' lang='lat' dir='ltr'><em>fiio</em></span> <span class='ocrx_word' id='word_1_56' title='bbox 526 620 541 643; x_wconf 86' lang='lat'>,</span> <span class='ocrx_word' id='word_1_57' title='bbox 587 581 640 629; x_wconf 87' lang='lat' dir='ltr'><em>in</em></span> <span class='ocrx_word' id='word_1_58' title='bbox 664 595 756 650; x_wconf 78' lang='lat' dir='ltr'><em>quo</em></span> <span class='ocrx_word' id='word_1_59' title='bbox 787 572 844 627; x_wconf 91' lang='lat' dir='ltr'><em>id</em></span> <span class='ocrx_word' id='word_1_60' title='bbox 866 573 1060 643; x_wconf 73' lang='lat' dir='ltr'><em>Orestes</em></span> <span class='ocrx_word' id='word_1_61' title='bbox 1076 571 1331 654; x_wconf 80' lang='lat' dir='ltr'><em>posuerat,</em></span> <span class='ocrx_word' id='word_1_62' title='bbox 1376 571 1550 648; x_wconf 66' lang='lat' dir='ltr'><em>afferre</em></span> <span class='ocrx_word' id='word_1_63' title='bbox 1575 571 1757 625; x_wconf 85' lang='lat' dir='ltr'><em>voluit.</em></span> <span class='ocrx_word' id='word_1_64' title='bbox 1846 575 1950 625; x_wconf 87' lang='lat' dir='ltr'><em>Pro</em></span> <span class='ocrx_word' id='word_1_65' title='bbox 1975 571 2268 649; x_wconf 82' lang='lat' dir='ltr'><em>Lapidibus</em></span> <span class='ocrx_word' id='word_1_66' title='bbox 2293 577 2404 630; x_wconf 74' lang='lat' dir='ltr'><em>Di-</em></span> 
     </span>
     <span class='ocr_line' id='line_1_11' title="bbox 429 644 2402 732; baseline -0.001 -20"><span class='ocrx_word' id='word_1_67' title='bbox 429 658 506 713; x_wconf 85' lang='lat' dir='ltr'><em>vis</em></span> <span class='ocrx_word' id='word_1_68' title='bbox 531 660 587 711; x_wconf 93' lang='lat' dir='ltr'><em>V</em></span> <span class='ocrx_word' id='word_1_69' title='bbox 582 660 693 708; x_wconf 86' lang='lat' dir='ltr'><em>ivos</em></span> <span class='ocrx_word' id='word_1_70' title='bbox 719 651 875 709; x_wconf 84' lang='lat' dir='ltr'><em>scribi</em></span> <span class='ocrx_word' id='word_1_71' title='bbox 904 644 1180 730; x_wconf 82' lang='lat' dir='ltr'><em>Salmafius</em></span> <span class='ocrx_word' id='word_1_72' title='bbox 1207 652 1408 707; x_wconf 82' lang='lat' dir='ltr'><em>mavult</em></span> <span class='ocrx_word' id='word_1_73' title='bbox 1433 676 1449 719; x_wconf 83' lang='lat'>3</span> <span class='ocrx_word' id='word_1_74' title='bbox 1494 671 1728 728; x_wconf 88' lang='lat' dir='ltr'><em>quorum</em></span> <span class='ocrx_word' id='word_1_75' title='bbox 1756 647 1936 706; x_wconf 81' lang='lat' dir='ltr'><em>crebra</em></span> <span class='ocrx_word' id='word_1_76' title='bbox 1960 652 2098 728; x_wconf 84' lang='lat' dir='ltr'><strong>apud</strong></span> <span class='ocrx_word' id='word_1_77' title='bbox 2125 651 2402 732; x_wconf 74' lang='lat' dir='ltr'>scriptores</span> 
     </span>
     <span class='ocr_line' id='line_1_12' title="bbox 427 729 2402 812; baseline 0.001 -21"><span class='ocrx_word' id='word_1_78' title='bbox 427 736 635 791; x_wconf 90' lang='lat' dir='ltr'><em>mentio</em></span> <span class='ocrx_word' id='word_1_79' title='bbox 676 732 748 789; x_wconf 83' lang='lat' dir='ltr'><em>est</em></span> <span class='ocrx_word' id='word_1_80' title='bbox 772 778 787 802; x_wconf 89' lang='lat'>‚</span> <span class='ocrx_word' id='word_1_81' title='bbox 843 736 1104 812; x_wconf 76' lang='lat' dir='ltr'><em>praecipue</em></span> <span class='ocrx_word' id='word_1_82' title='bbox 1141 732 1364 788; x_wconf 79' lang='lat' dir='ltr'><em>Graecos</em></span> <span class='ocrx_word' id='word_1_83' title='bbox 1392 775 1407 798; x_wconf 91' lang='lat'><strong>‚</strong></span> <span class='ocrx_word' id='word_1_84' title='bbox 1464 734 1559 810; x_wconf 87' lang='lat' dir='ltr'><em>qui</em></span> <span class='ocrx_word' id='word_1_85' title='bbox 1597 729 1836 805; x_wconf 57' lang='grc' dir='ltr'><em>ἐμψύχες</em></span> <span class='ocrx_word' id='word_1_86' title='bbox 1872 731 2001 789; x_wconf 56' lang='lat' dir='ltr'><em>mess</em></span> <span class='ocrx_word' id='word_1_87' title='bbox 2041 753 2132 789; x_wconf 91' lang='lat' dir='ltr'><em>eos</em></span> <span class='ocrx_word' id='word_1_88' title='bbox 2173 754 2402 805; x_wconf 85' lang='lat' dir='ltr'><em>vocant3</em></span> 
     </span>
     <span class='ocr_line' id='line_1_13' title="bbox 429 811 2404 893; baseline 0.001 -23"><span class='ocrx_word' id='word_1_89' title='bbox 429 814 644 871; x_wconf 86' lang='lat' dir='ltr'><em>eosdem</em></span> <span class='ocrx_word' id='word_1_90' title='bbox 680 815 936 871; x_wconf 88' lang='lat' dir='ltr'><em>nimirum</em></span> <span class='ocrx_word' id='word_1_91' title='bbox 966 817 1061 893; x_wconf 88' lang='lat' dir='ltr'><em>qui</em></span> <span class='ocrx_word' id='word_1_92' title='bbox 1088 814 1327 876; x_wconf 70' lang='grc' dir='ltr'><em>βαι-πόλοι</em></span> <span class='ocrx_word' id='word_1_93' title='bbox 1357 811 1668 868; x_wconf 81' lang='lat' dir='ltr'><strong>dicebantur</strong></span> <span class='ocrx_word' id='word_1_94' title='bbox 1697 855 1712 880; x_wconf 90' lang='lat'>‚</span> <span class='ocrx_word' id='word_1_95' title='bbox 1769 811 1832 868; x_wconf 87' lang='lat' dir='ltr'><em>de</em></span> <span class='ocrx_word' id='word_1_96' title='bbox 1862 812 2057 891; x_wconf 88' lang='lat' dir='ltr'><em>quibus</em></span> <span class='ocrx_word' id='word_1_97' title='bbox 2081 817 2247 871; x_wconf 82' lang='lat' dir='ltr'><em>multa</em></span> <span class='ocrx_word' id='word_1_98' title='bbox 2271 819 2404 873; x_wconf 82' lang='lat' dir='ltr'><em>mira</em></span> 
     </span>
     <span class='ocr_line' id='line_1_14' title="bbox 428 890 2405 977; baseline 0.001 -25"><span class='ocrx_word' id='word_1_99' title='bbox 428 893 771 972; x_wconf 84' lang='lat' dir='ltr'><em>fabulosaque</em></span> <span class='ocrx_word' id='word_1_100' title='bbox 808 913 1020 951; x_wconf 86' lang='lat' dir='ltr'><em>narrant</em></span> <span class='ocrx_word' id='word_1_101' title='bbox 1047 895 1227 950; x_wconf 81' lang='lat' dir='ltr'><em>Graeci</em></span> <span class='ocrx_word' id='word_1_102' title='bbox 1251 910 1552 972; x_wconf 81' lang='lat' dir='ltr'><strong>nugatores.</strong></span> <span class='ocrx_word' id='word_1_103' title='bbox 1610 890 1896 971; x_wconf 84' lang='lat' dir='ltr'><strong>Ipsumque</strong></span> <span class='ocrx_word' id='word_1_104' title='bbox 1924 893 2132 951; x_wconf 87' lang='lat' dir='ltr'><em>idolum</em></span> <span class='ocrx_word' id='word_1_105' title='bbox 2156 895 2405 977; x_wconf 76' lang='lat' dir='ltr'><em>Algaba-</em></span> 
     </span>
     <span class='ocr_line' id='line_1_15' title="bbox 428 972 2406 1052; baseline 0.002 -21"><span class='ocrx_word' id='word_1_106' title='bbox 428 979 565 1046; x_wconf 84' lang='lat' dir='ltr'><em>lum,</em></span> <span class='ocrx_word' id='word_1_107' title='bbox 609 974 751 1031; x_wconf 85' lang='lat' dir='ltr'><em>unde</em></span> <span class='ocrx_word' id='word_1_108' title='bbox 776 996 980 1033; x_wconf 90' lang='lat' dir='ltr'><em>nomen</em></span> <span class='ocrx_word' id='word_1_109' title='bbox 1007 973 1157 1031; x_wconf 89' lang='lat' dir='ltr'><strong>suum</strong></span> <span class='ocrx_word' id='word_1_110' title='bbox 1181 992 1449 1031; x_wconf 87' lang='lat' dir='ltr'><em>mutuatus</em></span> <span class='ocrx_word' id='word_1_111' title='bbox 1475 972 1551 1030; x_wconf 87' lang='lat' dir='ltr'><em>est</em></span> <span class='ocrx_word' id='word_1_112' title='bbox 1572 973 1677 1030; x_wconf 87' lang='lat' dir='ltr'><em>hoc</em></span> <span class='ocrx_word' id='word_1_113' title='bbox 1705 973 1769 1031; x_wconf 87' lang='lat' dir='ltr'><em>de</em></span> <span class='ocrx_word' id='word_1_114' title='bbox 1795 995 1906 1052; x_wconf 92' lang='lat' dir='ltr'><em>quo</em></span> <span class='ocrx_word' id='word_1_115' title='bbox 1931 977 2136 1052; x_wconf 83' lang='lat' dir='ltr'><strong>agimus</strong></span> <span class='ocrx_word' id='word_1_116' title='bbox 2166 976 2406 1036; x_wconf 85' lang='lat' dir='ltr'><em>hominis</em></span> 
     </span>
     <span class='ocr_line' id='line_1_16' title="bbox 429 1053 2406 1133; baseline 0 -19"><span class='ocrx_word' id='word_1_117' title='bbox 429 1056 728 1115; x_wconf 87' lang='lat' dir='ltr'><em>monstrum</em></span> <span class='ocrx_word' id='word_1_118' title='bbox 748 1099 763 1125; x_wconf 86' lang='lat'>,</span> <span class='ocrx_word' id='word_1_119' title='bbox 782 1055 1088 1113; x_wconf 76' lang='lat' dir='ltr'><em>Herodiano</em></span> <span class='ocrx_word' id='word_1_120' title='bbox 1113 1054 1273 1126; x_wconf 87' lang='lat' dir='ltr'><em>teste,</em></span> <span class='ocrx_word' id='word_1_121' title='bbox 1300 1054 1444 1113; x_wconf 61' lang='grc' dir='ltr'><em>λίθές</em></span> <span class='ocrx_word' id='word_1_122' title='bbox 1465 1053 1523 1113; x_wconf 68' lang='lat' dir='ltr'><em>lac</em></span> <span class='ocrx_word' id='word_1_123' title='bbox 1555 1062 1619 1113; x_wconf 65' lang='grc' dir='ltr'><em>ἐς)</em></span> <span class='ocrx_word' id='word_1_124' title='bbox 1640 1058 1905 1129; x_wconf 44' lang='lat' dir='ltr'><em>‘adyta-&amp;5</em></span> <span class='ocrx_word' id='word_1_125' title='bbox 1936 1057 2152 1111; x_wconf 66' lang='grc' dir='ltr'><em>κάτωθεν</em></span> <span class='ocrx_word' id='word_1_126' title='bbox 2170 1075 2406 1133; x_wconf 70' lang='grc' dir='ltr'><em>’περιφε-</em></span> 
     </span>
    </p>
   </div>
   <div class='ocr_carea' id='block_1_6' title="bbox 432 1137 2505 1217">
    <p class='ocr_par' dir='ltr' id='par_1_6' title="bbox 432 1137 2505 1217">
     <span class='ocr_line' id='line_1_17' title="bbox 432 1137 2505 1217; baseline -0.001 -22"><span class='ocrx_word' id='word_1_127' title='bbox 432 1137 502 1214; x_wconf 64' lang='lat' dir='ltr'><em>pri&#39;e</em></span> <span class='ocrx_word' id='word_1_128' title='bbox 519 1183 536 1204; x_wconf 89' lang='lat'>,</span> <span class='ocrx_word' id='word_1_129' title='bbox 553 1140 717 1217; x_wconf 61' lang='grc' dir='ltr'>λήγων</span> <span class='ocrx_word' id='word_1_130' title='bbox 735 1143 792 1196; x_wconf 66' lang='lat' dir='ltr'><em>{te</em></span> <span class='ocrx_word' id='word_1_131' title='bbox 823 1137 1058 1206; x_wconf 62' lang='grc' dir='ltr'><em>ὀξύτητα.</em></span> <span class='ocrx_word' id='word_1_132' title='bbox 1075 1140 1327 1196; x_wconf 69' lang='grc' dir='ltr'><em>Κωνοειᾶἒς</em></span> <span class='ocrx_word' id='word_1_133' title='bbox 1354 1139 1504 1208; x_wconf 64' lang='grc' dir='ltr'><em>αὐτῷ</em></span> <span class='ocrx_word' id='word_1_134' title='bbox 1517 1139 1701 1206; x_wconf 66' lang='grc' dir='ltr'><em>σχῆμοε</em></span> <span class='ocrx_word' id='word_1_135' title='bbox 1720 1176 1741 1206; x_wconf 75' lang='grc'><em>,</em></span> <span class='ocrx_word' id='word_1_136' title='bbox 1755 1139 1976 1206; x_wconf 65' lang='grc' dir='ltr'><em>μέλαιναι</em></span> <span class='ocrx_word' id='word_1_137' title='bbox 1993 1159 2043 1188; x_wconf 77' lang='grc' dir='ltr'><em>τε</em></span> <span class='ocrx_word' id='word_1_138' title='bbox 2063 1139 2254 1210; x_wconf 66' lang='grc' dir='ltr'><strong><em>ἦχξοιοὶ</em></strong></span> <span class='ocrx_word' id='word_1_139' title='bbox 2273 1179 2288 1204; x_wconf 85' lang='lat'>,</span> <span class='ocrx_word' id='word_1_140' title='bbox 2305 1143 2412 1194; x_wconf 65' lang='grc' dir='ltr'><em>διο·</em></span> <span class='ocrx_word' id='word_1_141' title='bbox 2491 1187 2505 1201; x_wconf 87' lang='grc'><strong><em>,</em></strong></span> 
     </span>
    </p>
   </div>
   <div class='ocr_carea' id='block_1_7' title="bbox 422 1214 2421 3215">
    <p class='ocr_par' dir='ltr' id='par_1_7' title="bbox 422 1214 2421 2348">
     <span class='ocr_line' id='line_1_18' title="bbox 433 1214 2412 1298; baseline -0.001 -22"><span class='ocrx_word' id='word_1_142' title='bbox 433 1227 612 1283; x_wconf 50' lang='lat' dir='ltr'><em>nervive</em></span> <span class='ocrx_word' id='word_1_143' title='bbox 640 1218 791 1280; x_wconf 70' lang='grc' dir='ltr'><em>οἱυτόν</em></span> <span class='ocrx_word' id='word_1_144' title='bbox 821 1221 932 1275; x_wconf 50' lang='lat' dir='ltr'><em>efran</em></span> <span class='ocrx_word' id='word_1_145' title='bbox 961 1225 1314 1293; x_wconf 59' lang='grc' dir='ltr'><em>σεμνολογὲσι.</em></span> <span class='ocrx_word' id='word_1_146' title='bbox 1399 1220 1562 1298; x_wconf 85' lang='lat' dir='ltr'><em>Lapis</em></span> <span class='ocrx_word' id='word_1_147' title='bbox 1586 1214 1650 1292; x_wconf 85' lang='lat' dir='ltr'><em>est</em></span> <span class='ocrx_word' id='word_1_148' title='bbox 1675 1219 1935 1270; x_wconf 87' lang='lat' dir='ltr'><em>maximus</em></span> <span class='ocrx_word' id='word_1_149' title='bbox 1958 1258 1974 1283; x_wconf 83' lang='lat'>‚</span> <span class='ocrx_word' id='word_1_150' title='bbox 2018 1214 2082 1271; x_wconf 79' lang='lat' dir='ltr'><em>ab</em></span> <span class='ocrx_word' id='word_1_151' title='bbox 2109 1222 2208 1273; x_wconf 78' lang='lat' dir='ltr'><em>imo</em></span> <span class='ocrx_word' id='word_1_152' title='bbox 2235 1235 2412 1275; x_wconf 89' lang='lat' dir='ltr'><em>rotun-</em></span> 
     </span>
     <span class='ocr_line' id='line_1_19' title="bbox 431 1294 2413 1382; baseline -0.001 -25"><span class='ocrx_word' id='word_1_153' title='bbox 431 1300 526 1357; x_wconf 84' lang='lat' dir='ltr'><em>dus</em></span> <span class='ocrx_word' id='word_1_154' title='bbox 541 1349 555 1373; x_wconf 82' lang='lat'>‚</span> <span class='ocrx_word' id='word_1_155' title='bbox 603 1316 680 1362; x_wconf 53' lang='grc' dir='ltr'><em>Ψ</em></span> <span class='ocrx_word' id='word_1_156' title='bbox 691 1304 868 1381; x_wconf 78' lang='lat' dir='ltr'><em>senfim</em></span> <span class='ocrx_word' id='word_1_157' title='bbox 881 1300 1186 1381; x_wconf 68' lang='lat' dir='ltr'><em>fastigiatus</em></span> <span class='ocrx_word' id='word_1_158' title='bbox 1202 1296 1563 1382; x_wconf 75' lang='lat' dir='ltr'><em>propemodum</em></span> <span class='ocrx_word' id='word_1_159' title='bbox 1587 1294 1658 1350; x_wconf 91' lang='lat' dir='ltr'><em>ad</em></span> <span class='ocrx_word' id='word_1_160' title='bbox 1682 1301 1795 1349; x_wconf 84' lang='lat' dir='ltr'><em>coni</em></span> <span class='ocrx_word' id='word_1_161' title='bbox 1802 1294 2050 1371; x_wconf 76' lang='lat' dir='ltr'><em>figuram.</em></span> <span class='ocrx_word' id='word_1_162' title='bbox 2129 1303 2311 1376; x_wconf 64' lang='lat' dir='ltr'><em>Niger·</em></span> <span class='ocrx_word' id='word_1_163' title='bbox 2326 1303 2413 1356; x_wconf 86' lang='lat' dir='ltr'><em>la·-</em></span> 
     </span>
     <span class='ocr_line' id='line_1_20' title="bbox 422 1373 2413 1466; baseline -0.003 -28"><span class='ocrx_word' id='word_1_164' title='bbox 422 1382 545 1466; x_wconf 83' lang='lat' dir='ltr'><em>pidi</em></span> <span class='ocrx_word' id='word_1_165' title='bbox 569 1388 732 1452; x_wconf 85' lang='lat' dir='ltr'><em>color,</em></span> <span class='ocrx_word' id='word_1_166' title='bbox 776 1405 921 1461; x_wconf 78' lang='lat' dir='ltr'><em>quem</em></span> <span class='ocrx_word' id='word_1_167' title='bbox 944 1382 1317 1460; x_wconf 65' lang='lat' dir='ltr'><em>etiamjacslant</em></span> <span class='ocrx_word' id='word_1_168' title='bbox 1342 1379 1535 1432; x_wconf 79' lang='lat' dir='ltr'><em>coelitus</em></span> <span class='ocrx_word' id='word_1_169' title='bbox 1558 1374 1801 1448; x_wconf 75' lang='lat' dir='ltr'><em>decidiffi’.</em></span> <span class='ocrx_word' id='word_1_170' title='bbox 1857 1376 1947 1429; x_wconf 89' lang='lat' dir='ltr'><em>De</em></span> <span class='ocrx_word' id='word_1_171' title='bbox 1973 1373 2021 1430; x_wconf 92' lang='lat' dir='ltr'><em>se</em></span> <span class='ocrx_word' id='word_1_172' title='bbox 2047 1374 2161 1454; x_wconf 88' lang='lat' dir='ltr'><em>ipso</em></span> <span class='ocrx_word' id='word_1_173' title='bbox 2188 1399 2413 1458; x_wconf 83' lang='lat' dir='ltr'><em>quoque</em></span> 
     </span>
     <span class='ocr_line' id='line_1_21' title="bbox 435 1454 2409 1540; baseline -0.003 -20"><span class='ocrx_word' id='word_1_174' title='bbox 435 1463 602 1522; x_wconf 77' lang='lat' dir='ltr'><strong>adhuc</strong></span> <span class='ocrx_word' id='word_1_175' title='bbox 640 1466 858 1521; x_wconf 85' lang='lat' dir='ltr'><em>Gentili</em></span> <span class='ocrx_word' id='word_1_176' title='bbox 896 1460 1164 1518; x_wconf 75' lang='lat' dir='ltr'><em>Arnobius</em></span> <span class='ocrx_word' id='word_1_177' title='bbox 1193 1481 1211 1515; x_wconf 92' lang='lat'><em>.·</em></span> <span class='ocrx_word' id='word_1_178' title='bbox 1249 1458 1534 1540; x_wconf 62' lang='lat' dir='ltr'><em>putamus</em></span> <span class='ocrx_word' id='word_1_179' title='bbox 1571 1457 1840 1532; x_wconf 71' lang='lat' dir='ltr'><em>veternosis</em></span> <span class='ocrx_word' id='word_1_180' title='bbox 1876 1460 1931 1509; x_wconf 88' lang='lat' dir='ltr'><em>in</em></span> <span class='ocrx_word' id='word_1_181' title='bbox 1961 1454 2219 1514; x_wconf 75' lang='lat' dir='ltr'><em>arboribus</em></span> <span class='ocrx_word' id='word_1_182' title='bbox 2244 1466 2409 1515; x_wconf 69' lang='lat' dir='ltr'><em>taniac-</em></span> 
     </span>
     <span class='ocr_line' id='line_1_22' title="bbox 438 1535 2414 1625; baseline -0.003 -23"><span class='ocrx_word' id='word_1_183' title='bbox 438 1547 471 1615; x_wconf 72' lang='grc' dir='ltr'><em>β</em></span> <span class='ocrx_word' id='word_1_184' title='bbox 494 1546 696 1624; x_wconf 77' lang='lat' dir='ltr'><em>quando</em></span> <span class='ocrx_word' id='word_1_185' title='bbox 721 1544 1099 1625; x_wconf 71' lang='lat' dir='ltr'><em>conspexeram,</em></span> <span class='ocrx_word' id='word_1_186' title='bbox 1141 1539 1449 1596; x_wconf 79' lang='lat' dir='ltr'><em>lubricatum</em></span> <span class='ocrx_word' id='word_1_187' title='bbox 1472 1535 1698 1619; x_wconf 83' lang='lat' dir='ltr'><em>lapidem</em></span> <span class='ocrx_word' id='word_1_188' title='bbox 1724 1549 1802 1593; x_wconf 50' lang='grc' dir='ltr'><em>(Ὗ</em></span> <span class='ocrx_word' id='word_1_189' title='bbox 1826 1558 1888 1590; x_wconf 78' lang='lat' dir='ltr'><em>ex</em></span> <span class='ocrx_word' id='word_1_190' title='bbox 1913 1539 2046 1592; x_wconf 81' lang='lat' dir='ltr'><em>olivi</em></span> <span class='ocrx_word' id='word_1_191' title='bbox 2070 1545 2289 1618; x_wconf 76' lang='lat' dir='ltr'><em>unguine</em></span> <span class='ocrx_word' id='word_1_192' title='bbox 2300 1541 2414 1615; x_wconf 54' lang='lat' dir='ltr'><em>sora-</em></span> 
     </span>
     <span class='ocr_line' id='line_1_23' title="bbox 425 1615 2411 1702; baseline -0.002 -21"><span class='ocrx_word' id='word_1_193' title='bbox 425 1616 703 1694; x_wconf 61' lang='lat' dir='ltr'><em>vdidatum‚</em></span> <span class='ocrx_word' id='word_1_194' title='bbox 746 1642 993 1702; x_wconf 78' lang='lat' dir='ltr'><em>tanquam</em></span> <span class='ocrx_word' id='word_1_195' title='bbox 1018 1622 1173 1695; x_wconf 71' lang='lat' dir='ltr'><em>inesset</em></span> <span class='ocrx_word' id='word_1_196' title='bbox 1197 1625 1283 1675; x_wconf 84' lang='lat' dir='ltr'><em>vis</em></span> <span class='ocrx_word' id='word_1_197' title='bbox 1343 1618 1535 1692; x_wconf 72' lang='lat' dir='ltr'><em>raseits,</em></span> <span class='ocrx_word' id='word_1_198' title='bbox 1579 1615 1861 1684; x_wconf 73' lang='lat' dir='ltr'><em>adulabar,</em></span> <span class='ocrx_word' id='word_1_199' title='bbox 1904 1616 2126 1694; x_wconf 78' lang='lat' dir='ltr'><em>affabar,</em></span> <span class='ocrx_word' id='word_1_200' title='bbox 2164 1633 2241 1675; x_wconf 49' lang='grc' dir='ltr'><em>(φ</em></span> <span class='ocrx_word' id='word_1_201' title='bbox 2263 1619 2411 1678; x_wconf 80' lang='lat' dir='ltr'><em>bene-</em></span> 
     </span>
     <span class='ocr_line' id='line_1_24' title="bbox 438 1637 2414 1790; baseline -0.002 -28"><span class='ocrx_word' id='word_1_202' title='bbox 438 1707 558 1773; x_wconf 77' lang='lat' dir='ltr'><em>ficia</em></span> <span class='ocrx_word' id='word_1_203' title='bbox 585 1704 840 1790; x_wconf 74' lang='lat' dir='ltr'><em>poscebam</em></span> <span class='ocrx_word' id='word_1_204' title='bbox 866 1703 1003 1759; x_wconf 81' lang='lat' dir='ltr'><em>nihil</em></span> <span class='ocrx_word' id='word_1_205' title='bbox 1014 1702 1256 1778; x_wconf 73' lang='lat' dir='ltr'><em>sentiente</em></span> <span class='ocrx_word' id='word_1_206' title='bbox 1279 1637 1341 1755; x_wconf 58' lang='lat' dir='ltr'><em>ilie</em></span> <span class='ocrx_word' id='word_1_207' title='bbox 1364 1716 1556 1753; x_wconf 82' lang='lat' dir='ltr'><em>trunco.</em></span> <span class='ocrx_word' id='word_1_208' title='bbox 1642 1699 1725 1752; x_wconf 82' lang='lat' dir='ltr'><em>Ex</em></span> <span class='ocrx_word' id='word_1_209' title='bbox 1754 1695 1949 1774; x_wconf 84' lang='lat' dir='ltr'><em>quibus</em></span> <span class='ocrx_word' id='word_1_210' title='bbox 1973 1697 2227 1755; x_wconf 89' lang='lat' dir='ltr'><em>omnibus</em></span> <span class='ocrx_word' id='word_1_211' title='bbox 2253 1744 2268 1768; x_wconf 91' lang='lat'>‚</span> <span class='ocrx_word' id='word_1_212' title='bbox 2312 1701 2414 1760; x_wconf 85' lang='lat' dir='ltr'><em>nifi</em></span> 
     </span>
     <span class='ocr_line' id='line_1_25' title="bbox 423 1774 2411 1860; baseline -0.004 -14"><span class='ocrx_word' id='word_1_213' title='bbox 423 1774 596 1846; x_wconf 35' lang='lat' dir='ltr'><em>‘fallor</em></span> <span class='ocrx_word' id='word_1_214' title='bbox 619 1834 634 1859; x_wconf 79' lang='grc'>,</span> <span class='ocrx_word' id='word_1_215' title='bbox 678 1807 786 1844; x_wconf 79' lang='lat' dir='ltr'><em>tam</em></span> <span class='ocrx_word' id='word_1_216' title='bbox 822 1786 1019 1842; x_wconf 80' lang='lat' dir='ltr'><em>clarum</em></span> <span class='ocrx_word' id='word_1_217' title='bbox 1055 1780 1129 1838; x_wconf 88' lang='lat' dir='ltr'><em>est</em></span> <span class='ocrx_word' id='word_1_218' title='bbox 1152 1803 1311 1860; x_wconf 85' lang='lat' dir='ltr'><strong>quam</strong></span> <span class='ocrx_word' id='word_1_219' title='bbox 1338 1778 1458 1835; x_wconf 73' lang='lat' dir='ltr'><em>{olis</em></span> <span class='ocrx_word' id='word_1_220' title='bbox 1483 1777 1615 1833; x_wconf 85' lang='lat' dir='ltr'><em>radii</em></span> <span class='ocrx_word' id='word_1_221' title='bbox 1641 1798 1810 1854; x_wconf 90' lang='lat' dir='ltr'><strong>quum</strong></span> <span class='ocrx_word' id='word_1_222' title='bbox 1836 1774 2024 1832; x_wconf 86' lang='lat' dir='ltr'><em>sudum</em></span> <span class='ocrx_word' id='word_1_223' title='bbox 2049 1775 2122 1832; x_wconf 89' lang='lat' dir='ltr'><em>est</em></span> <span class='ocrx_word' id='word_1_224' title='bbox 2147 1783 2375 1838; x_wconf 81' lang='lat' dir='ltr'><em>maxime</em></span> <span class='ocrx_word' id='word_1_225' title='bbox 2392 1826 2411 1853; x_wconf 93' lang='lat'>,</span> 
     </span>
     <span class='ocr_line' id='line_1_26' title="bbox 440 1855 2413 1950; baseline -0.006 -23"><span class='ocrx_word' id='word_1_226' title='bbox 440 1870 590 1950; x_wconf 87' lang='lat' dir='ltr'><em>quod</em></span> <span class='ocrx_word' id='word_1_227' title='bbox 625 1872 761 1926; x_wconf 85' lang='lat' dir='ltr'><em>cirea</em></span> <span class='ocrx_word' id='word_1_228' title='bbox 800 1863 1080 1923; x_wconf 83' lang='lat' dir='ltr'><em>noviffima</em></span> <span class='ocrx_word' id='word_1_229' title='bbox 1117 1864 1277 1918; x_wconf 85' lang='lat' dir='ltr'><em>etiam</em></span> <span class='ocrx_word' id='word_1_230' title='bbox 1318 1860 1472 1938; x_wconf 81' lang='lat' dir='ltr'><em>regni</em></span> <span class='ocrx_word' id='word_1_231' title='bbox 1507 1855 1716 1936; x_wconf 85' lang='lat' dir='ltr'><em>Judaici</em></span> <span class='ocrx_word' id='word_1_232' title='bbox 1753 1876 1996 1935; x_wconf 85' lang='lat' dir='ltr'><em>tempora</em></span> <span class='ocrx_word' id='word_1_233' title='bbox 2023 1901 2037 1925; x_wconf 90' lang='lat'>,</span> <span class='ocrx_word' id='word_1_234' title='bbox 2093 1877 2250 1939; x_wconf 82' lang='lat' dir='ltr'><em>atque</em></span> <span class='ocrx_word' id='word_1_235' title='bbox 2278 1861 2413 1920; x_wconf 80' lang='lat' dir='ltr'><em>adeo</em></span> 
     </span>
     <span class='ocr_line' id='line_1_27' title="bbox 440 1939 2415 2030; baseline -0.004 -24"><span class='ocrx_word' id='word_1_236' title='bbox 440 1953 604 2030; x_wconf 76' lang='lat' dir='ltr'><em>longe</em></span> <span class='ocrx_word' id='word_1_237' title='bbox 630 1948 750 2029; x_wconf 86' lang='lat' dir='ltr'><em>post</em></span> <span class='ocrx_word' id='word_1_238' title='bbox 773 1970 859 2015; x_wconf 84' lang='lat' dir='ltr'><em>ea,</em></span> <span class='ocrx_word' id='word_1_239' title='bbox 884 1945 1117 2025; x_wconf 81' lang='lat' dir='ltr'><em>viguerit</em></span> <span class='ocrx_word' id='word_1_240' title='bbox 1140 1945 1438 1999; x_wconf 79' lang='lat' dir='ltr'><em>etiamnum</em></span> <span class='ocrx_word' id='word_1_241' title='bbox 1463 1939 1775 1995; x_wconf 85' lang='lat' dir='ltr'><em>Gentilium</em></span> <span class='ocrx_word' id='word_1_242' title='bbox 1799 1941 1934 1994; x_wconf 84' lang='lat' dir='ltr'><em>circa</em></span> <span class='ocrx_word' id='word_1_243' title='bbox 1959 1939 2172 2009; x_wconf 79' lang='lat' dir='ltr'><em>titulos,</em></span> <span class='ocrx_word' id='word_1_244' title='bbox 2194 1943 2381 2020; x_wconf 82' lang='lat' dir='ltr'>cippos</span> <span class='ocrx_word' id='word_1_245' title='bbox 2394 1988 2415 2014; x_wconf 88' lang='lat'>‚</span> 
     </span>
     <span class='ocr_line' id='line_1_28' title="bbox 442 2019 2417 2104; baseline -0.005 -14"><span class='ocrx_word' id='word_1_246' title='bbox 442 2033 744 2099; x_wconf 81' lang='lat' dir='ltr'><em>columnas,</em></span> <span class='ocrx_word' id='word_1_247' title='bbox 760 2027 944 2085; x_wconf 85' lang='lat' dir='ltr'><em>statuas</em></span> <span class='ocrx_word' id='word_1_248' title='bbox 957 2071 972 2096; x_wconf 87' lang='lat'><em>,</em></span> <span class='ocrx_word' id='word_1_249' title='bbox 989 2043 1078 2083; x_wconf 84' lang='lat' dir='ltr'><strong>aut</strong></span> <span class='ocrx_word' id='word_1_250' title='bbox 1099 2042 1431 2104; x_wconf 88' lang='lat' dir='ltr'><em>quocunque</em></span> <span class='ocrx_word' id='word_1_251' title='bbox 1457 2019 1675 2076; x_wconf 89' lang='lat' dir='ltr'><em>demum</em></span> <span class='ocrx_word' id='word_1_252' title='bbox 1700 2021 1924 2075; x_wconf 89' lang='lat' dir='ltr'><em>nomine</em></span> <span class='ocrx_word' id='word_1_253' title='bbox 1951 2022 2245 2096; x_wconf 78' lang='lat' dir='ltr'><em>exprimere</em></span> <span class='ocrx_word' id='word_1_254' title='bbox 2262 2023 2417 2082; x_wconf 81' lang='lat' dir='ltr'><em>lubet</em></span> 
     </span>
     <span class='ocr_line' id='line_1_29' title="bbox 439 2097 2421 2181; baseline 0.001 -22"><span class='ocrx_word' id='word_1_255' title='bbox 439 2134 632 2170; x_wconf 64' lang='lat' dir='ltr'><em>vocem</em></span> <span class='ocrx_word' id='word_1_256' title='bbox 667 2130 798 2171; x_wconf 67' lang='lat' dir='ltr'><em>mxu</em></span> <span class='ocrx_word' id='word_1_257' title='bbox 823 2156 838 2181; x_wconf 73' lang='lat'>‚</span> <span class='ocrx_word' id='word_1_258' title='bbox 896 2104 1278 2181; x_wconf 59' lang='grc' dir='ltr'><em>ἐιδωλομμνεία,</em></span> <span class='ocrx_word' id='word_1_259' title='bbox 1368 2108 1503 2178; x_wconf 76' lang='lat' dir='ltr'><em>Qrae</em></span> <span class='ocrx_word' id='word_1_260' title='bbox 1539 2098 1574 2156; x_wconf 84' lang='lat' dir='ltr'>fi</span> <span class='ocrx_word' id='word_1_261' title='bbox 1611 2097 1773 2156; x_wconf 89' lang='lat' dir='ltr'><em>fuerit</em></span> <span class='ocrx_word' id='word_1_262' title='bbox 1798 2097 2034 2155; x_wconf 73' lang='lat' dir='ltr'><em>Israelitis</em></span> <span class='ocrx_word' id='word_1_263' title='bbox 2059 2100 2222 2158; x_wconf 74' lang='lat' dir='ltr'><strong>caussa</strong></span> <span class='ocrx_word' id='word_1_264' title='bbox 2246 2106 2421 2160; x_wconf 84' lang='lat' dir='ltr'><em>inter--</em></span> 
     </span>
     <span class='ocr_line' id='line_1_30' title="bbox 441 2180 2412 2266; baseline -0.005 -15"><span class='ocrx_word' id='word_1_265' title='bbox 441 2195 571 2251; x_wconf 60' lang='lat' dir='ltr'><em>dl&amp;</em></span> <span class='ocrx_word' id='word_1_266' title='bbox 599 2194 662 2252; x_wconf 88' lang='lat' dir='ltr'><em>de</em></span> <span class='ocrx_word' id='word_1_267' title='bbox 691 2189 1043 2250; x_wconf 88' lang='lat' dir='ltr'><em>conficiendis</em></span> <span class='ocrx_word' id='word_1_268' title='bbox 1070 2188 1124 2245; x_wconf 86' lang='lat' dir='ltr'><em>id</em></span> <span class='ocrx_word' id='word_1_269' title='bbox 1146 2207 1314 2266; x_wconf 79' lang='lat' dir='ltr'><em>genus</em></span> <span class='ocrx_word' id='word_1_270' title='bbox 1337 2182 1536 2252; x_wconf 75' lang='lat' dir='ltr'><em>titulis,</em></span> <span class='ocrx_word' id='word_1_271' title='bbox 1580 2180 1925 2240; x_wconf 58' lang='lat' dir='ltr'><em>interdietum</em></span> <span class='ocrx_word' id='word_1_272' title='bbox 1950 2182 2143 2251; x_wconf 86' lang='lat' dir='ltr'><em>etiam,</em></span> <span class='ocrx_word' id='word_1_273' title='bbox 2188 2205 2412 2242; x_wconf 84' lang='lat' dir='ltr'><em>manen-</em></span> 
     </span>
     <span class='ocr_line' id='line_1_31' title="bbox 442 2265 1223 2348; baseline -0.012 -16"><span class='ocrx_word' id='word_1_274' title='bbox 442 2294 494 2332; x_wconf 86' lang='lat' dir='ltr'><em>te</em></span> <span class='ocrx_word' id='word_1_275' title='bbox 523 2275 718 2344; x_wconf 70' lang='lat' dir='ltr'><em>mulsa,</em></span> <span class='ocrx_word' id='word_1_276' title='bbox 762 2269 995 2329; x_wconf 82' lang='lat' dir='ltr'><em>manfiffe</em></span> <span class='ocrx_word' id='word_1_277' title='bbox 1017 2289 1108 2348; x_wconf 87' lang='lat' dir='ltr'><em>par</em></span> <span class='ocrx_word' id='word_1_278' title='bbox 1133 2265 1223 2324; x_wconf 87' lang='lat' dir='ltr'><em>est.</em></span> 
     </span>
    </p>

    <p class='ocr_par' dir='ltr' id='par_1_8' title="bbox 444 2346 2421 2917">
     <span class='ocr_line' id='line_1_32' title="bbox 526 2346 2412 2431; baseline -0.003 -20"><span class='ocrx_word' id='word_1_279' title='bbox 526 2358 674 2411; x_wconf 88' lang='lat' dir='ltr'><strong>XIII.</strong></span> <span class='ocrx_word' id='word_1_280' title='bbox 720 2359 801 2410; x_wconf 92' lang='lat' dir='ltr'><em>At</em></span> <span class='ocrx_word' id='word_1_281' title='bbox 826 2372 1001 2429; x_wconf 87' lang='lat' dir='ltr'><em>neque</em></span> <span class='ocrx_word' id='word_1_282' title='bbox 1031 2352 1088 2406; x_wconf 91' lang='lat' dir='ltr'><em>in</em></span> <span class='ocrx_word' id='word_1_283' title='bbox 1113 2370 1178 2406; x_wconf 90' lang='lat' dir='ltr'><em>eo</em></span> <span class='ocrx_word' id='word_1_284' title='bbox 1203 2349 1390 2405; x_wconf 86' lang='lat' dir='ltr'><em>leviter</em></span> <span class='ocrx_word' id='word_1_285' title='bbox 1412 2346 1758 2405; x_wconf 81' lang='lat' dir='ltr'><strong>hallucinatus</strong></span> <span class='ocrx_word' id='word_1_286' title='bbox 1785 2346 2112 2406; x_wconf 72' lang='lat' dir='ltr'><em>Clarissimus</em></span> <span class='ocrx_word' id='word_1_287' title='bbox 2138 2354 2412 2431; x_wconf 84' lang='lat' dir='ltr'><em>Spencerus</em></span> 
     </span>
     <span class='ocr_line' id='line_1_33' title="bbox 445 2428 2420 2514; baseline -0.003 -22"><span class='ocrx_word' id='word_1_288' title='bbox 445 2434 520 2492; x_wconf 88' lang='lat' dir='ltr'><em>est</em></span> <span class='ocrx_word' id='word_1_289' title='bbox 547 2479 563 2504; x_wconf 87' lang='lat'>‚</span> <span class='ocrx_word' id='word_1_290' title='bbox 609 2434 759 2514; x_wconf 88' lang='lat' dir='ltr'><strong>quod</strong></span> <span class='ocrx_word' id='word_1_291' title='bbox 784 2431 1049 2489; x_wconf 83' lang='lat' dir='ltr'><em>existimet</em></span> <span class='ocrx_word' id='word_1_292' title='bbox 1073 2428 1370 2487; x_wconf 82' lang='lat' dir='ltr'><em>novissunis</em></span> <span class='ocrx_word' id='word_1_293' title='bbox 1395 2431 1549 2507; x_wconf 82' lang='lat' dir='ltr'><em>regni</em></span> <span class='ocrx_word' id='word_1_294' title='bbox 1572 2428 1906 2506; x_wconf 80' lang='lat' dir='ltr'><em>temporibus</em></span> <span class='ocrx_word' id='word_1_295' title='bbox 1930 2433 2140 2488; x_wconf 84' lang='lat' dir='ltr'><em>licitum</em></span> <span class='ocrx_word' id='word_1_296' title='bbox 2165 2429 2261 2486; x_wconf 86' lang='lat' dir='ltr'><em>fibi</em></span> <span class='ocrx_word' id='word_1_297' title='bbox 2284 2434 2420 2486; x_wconf 84' lang='lat' dir='ltr'><em>Deo·</em></span> 
     </span>
     <span class='ocr_line' id='line_1_34' title="bbox 444 2507 2417 2592; baseline -0.003 -20"><span class='ocrx_word' id='word_1_298' title='bbox 444 2513 863 2573; x_wconf 88' lang='lat' dir='ltr'><em>consecratarum</em></span> <span class='ocrx_word' id='word_1_299' title='bbox 889 2511 1173 2569; x_wconf 88' lang='lat' dir='ltr'><em>statuarum</em></span> <span class='ocrx_word' id='word_1_300' title='bbox 1197 2510 1349 2568; x_wconf 89' lang='lat' dir='ltr'><strong>usum</strong></span> <span class='ocrx_word' id='word_1_301' title='bbox 1371 2509 1582 2589; x_wconf 83' lang='lat' dir='ltr'><em>Judaeos</em></span> <span class='ocrx_word' id='word_1_302' title='bbox 1608 2507 1840 2566; x_wconf 76' lang='lat' dir='ltr'><em>habuisse</em></span> <span class='ocrx_word' id='word_1_303' title='bbox 1868 2535 1886 2579; x_wconf 80' lang='lat'>3</span> <span class='ocrx_word' id='word_1_304' title='bbox 1946 2534 2114 2592; x_wconf 90' lang='lat' dir='ltr'><strong>quum</strong></span> <span class='ocrx_word' id='word_1_305' title='bbox 2138 2512 2287 2567; x_wconf 90' lang='lat' dir='ltr'><em>nullo</em></span> <span class='ocrx_word' id='word_1_306' title='bbox 2311 2532 2417 2567; x_wconf 90' lang='lat' dir='ltr'><em>un-</em></span> 
     </span>
     <span class='ocr_line' id='line_1_35' title="bbox 447 2590 2417 2676; baseline -0.004 -23"><span class='ocrx_word' id='word_1_307' title='bbox 447 2619 609 2676; x_wconf 86' lang='lat' dir='ltr'><em>quam</em></span> <span class='ocrx_word' id='word_1_308' title='bbox 636 2616 879 2674; x_wconf 88' lang='lat' dir='ltr'><em>tempore</em></span> <span class='ocrx_word' id='word_1_309' title='bbox 905 2596 1074 2673; x_wconf 81' lang='lat' dir='ltr'><em>magis</em></span> <span class='ocrx_word' id='word_1_310' title='bbox 1099 2617 1126 2650; x_wconf 85' lang='lat' dir='ltr'><strong>a</strong></span> <span class='ocrx_word' id='word_1_311' title='bbox 1148 2592 1327 2650; x_wconf 87' lang='lat' dir='ltr'><em>statuis</em></span> <span class='ocrx_word' id='word_1_312' title='bbox 1354 2590 1728 2648; x_wconf 81' lang='lat' dir='ltr'><em>abhorruerint</em></span> <span class='ocrx_word' id='word_1_313' title='bbox 1755 2616 1766 2647; x_wconf 91' lang='lat'>:</span> <span class='ocrx_word' id='word_1_314' title='bbox 1808 2597 1862 2647; x_wconf 73' lang='grc' dir='ltr'><em>δε</em></span> <span class='ocrx_word' id='word_1_315' title='bbox 1891 2592 2039 2671; x_wconf 84' lang='lat' dir='ltr'><strong>quod</strong></span> <span class='ocrx_word' id='word_1_316' title='bbox 2063 2590 2168 2647; x_wconf 88' lang='lat' dir='ltr'><em>fuit</em></span> <span class='ocrx_word' id='word_1_317' title='bbox 2194 2593 2330 2647; x_wconf 90' lang='lat' dir='ltr'><em>olim</em></span> <span class='ocrx_word' id='word_1_318' title='bbox 2355 2593 2417 2647; x_wconf 51' lang='lat' dir='ltr'><em>in¹</em></span> 
     </span>
     <span class='ocr_line' id='line_1_36' title="bbox 448 2671 2421 2762; baseline -0.005 -25"><span class='ocrx_word' id='word_1_319' title='bbox 448 2684 695 2762; x_wconf 74' lang='lat' dir='ltr'><em>eAEgypto</em></span> <span class='ocrx_word' id='word_1_320' title='bbox 719 2681 887 2734; x_wconf 84' lang='lat' dir='ltr'><em>altare</em></span> <span class='ocrx_word' id='word_1_321' title='bbox 912 2695 1069 2754; x_wconf 86' lang='lat' dir='ltr'><em>atque</em></span> <span class='ocrx_word' id='word_1_322' title='bbox 1081 2677 1443 2753; x_wconf 82' lang='lat' dir='ltr'><em>fimulacrum‚</em></span> <span class='ocrx_word' id='word_1_323' title='bbox 1472 2671 1574 2727; x_wconf 83' lang='lat' dir='ltr'><em>five</em></span> <span class='ocrx_word' id='word_1_324' title='bbox 1600 2671 1918 2742; x_wconf 64' lang='lat' dir='ltr'><em>Mattzeba‚</em></span> <span class='ocrx_word' id='word_1_325' title='bbox 1945 2672 1999 2729; x_wconf 87' lang='lat' dir='ltr'><em>id</em></span> <span class='ocrx_word' id='word_1_326' title='bbox 2022 2691 2275 2749; x_wconf 82' lang='lat' dir='ltr'><strong>tanquam</strong></span> <span class='ocrx_word' id='word_1_327' title='bbox 2300 2693 2421 2728; x_wconf 88' lang='lat' dir='ltr'><em>me·-</em></span> 
     </span>
     <span class='ocr_line' id='line_1_37' title="bbox 447 2750 2421 2838; baseline -0.005 -22"><span class='ocrx_word' id='word_1_328' title='bbox 447 2780 558 2816; x_wconf 83' lang='lat' dir='ltr'><em>ram</em></span> <span class='ocrx_word' id='word_1_329' title='bbox 584 2760 863 2838; x_wconf 80' lang='lat' dir='ltr'><em>religionis</em></span> <span class='ocrx_word' id='word_1_330' title='bbox 887 2755 1088 2833; x_wconf 88' lang='lat' dir='ltr'><em>pestem</em></span> <span class='ocrx_word' id='word_1_331' title='bbox 1112 2754 1358 2812; x_wconf 84' lang='lat' dir='ltr'><em>exsecrati</em></span> <span class='ocrx_word' id='word_1_332' title='bbox 1385 2751 1500 2809; x_wconf 68' lang='lat' dir='ltr'><em>sint.</em></span> <span class='ocrx_word' id='word_1_333' title='bbox 1527 2753 1738 2810; x_wconf 88' lang='lat' dir='ltr'><em>Notior</em></span> <span class='ocrx_word' id='word_1_334' title='bbox 1762 2776 1820 2810; x_wconf 85' lang='lat' dir='ltr'><em>ea</em></span> <span class='ocrx_word' id='word_1_335' title='bbox 1845 2775 1924 2810; x_wconf 85' lang='lat' dir='ltr'><em>res</em></span> <span class='ocrx_word' id='word_1_336' title='bbox 1949 2751 2022 2810; x_wconf 84' lang='lat' dir='ltr'><em>est</em></span> <span class='ocrx_word' id='word_1_337' title='bbox 2047 2774 2208 2831; x_wconf 85' lang='lat' dir='ltr'><strong>quam</strong></span> <span class='ocrx_word' id='word_1_338' title='bbox 2235 2755 2292 2809; x_wconf 91' lang='lat' dir='ltr'><em>in</em></span> <span class='ocrx_word' id='word_1_339' title='bbox 2308 2750 2421 2810; x_wconf 86' lang='lat' dir='ltr'><strong>cas-</strong></span> 
     </span>
     <span class='ocr_line' id='line_1_38' title="bbox 449 2835 1301 2917; baseline -0.005 -21"><span class='ocrx_word' id='word_1_340' title='bbox 449 2839 563 2897; x_wconf 89' lang='lat' dir='ltr'><em>sum</em></span> <span class='ocrx_word' id='word_1_341' title='bbox 586 2840 746 2896; x_wconf 87' lang='lat' dir='ltr'><em>verba</em></span> <span class='ocrx_word' id='word_1_342' title='bbox 770 2836 1095 2917; x_wconf 85' lang='lat' dir='ltr'><em>profundere</em></span> <span class='ocrx_word' id='word_1_343' title='bbox 1123 2835 1301 2911; x_wconf 54' lang='lat' dir='ltr'><em>libe-at.</em></span> 
     </span>
    </p>

    <p class='ocr_par' dir='ltr' id='par_1_9' title="bbox 449 2915 2419 3161">
     <span class='ocr_line' id='line_1_39' title="bbox 532 2915 2418 2997; baseline -0.004 -19"><span class='ocrx_word' id='word_1_344' title='bbox 532 2924 683 2978; x_wconf 84' lang='lat' dir='ltr'><strong>XIV.</strong></span> <span class='ocrx_word' id='word_1_345' title='bbox 728 2922 852 2977; x_wconf 86' lang='lat' dir='ltr'><em>Nec</em></span> <span class='ocrx_word' id='word_1_346' title='bbox 880 2921 1056 2976; x_wconf 86' lang='lat' dir='ltr'><em>minus</em></span> <span class='ocrx_word' id='word_1_347' title='bbox 1080 2921 1137 2974; x_wconf 88' lang='lat' dir='ltr'><em>in</em></span> <span class='ocrx_word' id='word_1_348' title='bbox 1164 2940 1229 2974; x_wconf 90' lang='lat' dir='ltr'><em>eo</em></span> <span class='ocrx_word' id='word_1_349' title='bbox 1254 2916 1397 2997; x_wconf 83' lang='lat' dir='ltr'><em>fugit</em></span> <span class='ocrx_word' id='word_1_350' title='bbox 1421 2917 1592 2997; x_wconf 88' lang='lat' dir='ltr'><em>ipsum</em></span> <span class='ocrx_word' id='word_1_351' title='bbox 1619 2919 1754 2974; x_wconf 84' lang='lat' dir='ltr'><em>ratio</em></span> <span class='ocrx_word' id='word_1_352' title='bbox 1778 2962 1793 2987; x_wconf 85' lang='lat'>‚</span> <span class='ocrx_word' id='word_1_353' title='bbox 1854 2915 2002 2995; x_wconf 85' lang='lat' dir='ltr'><em>quod</em></span> <span class='ocrx_word' id='word_1_354' title='bbox 2027 2915 2418 2972; x_wconf 63' lang='lat' dir='ltr'><em>Adaimonidem</em></span> 
     </span>
     <span class='ocr_line' id='line_1_40' title="bbox 449 2995 2419 3080; baseline -0.002 -22"><span class='ocrx_word' id='word_1_355' title='bbox 449 3002 738 3059; x_wconf 76' lang='lat' dir='ltr'><em>contendat</em></span> <span class='ocrx_word' id='word_1_356' title='bbox 778 3007 983 3080; x_wconf 85' lang='lat' dir='ltr'><em>Legem</em></span> <span class='ocrx_word' id='word_1_357' title='bbox 1026 2999 1090 3057; x_wconf 90' lang='lat' dir='ltr'><em>de</em></span> <span class='ocrx_word' id='word_1_358' title='bbox 1132 2997 1309 3055; x_wconf 85' lang='lat' dir='ltr'><em>statuis</em></span> <span class='ocrx_word' id='word_1_359' title='bbox 1353 2999 1416 3056; x_wconf 78' lang='lat' dir='ltr'><em>ad</em></span> <span class='ocrx_word' id='word_1_360' title='bbox 1458 3022 1540 3056; x_wconf 86' lang='lat' dir='ltr'><em>eas</em></span> <span class='ocrx_word' id='word_1_361' title='bbox 1572 2998 1911 3057; x_wconf 84' lang='lat' dir='ltr'><em>solummodo</em></span> <span class='ocrx_word' id='word_1_362' title='bbox 1950 2995 2261 3074; x_wconf 76' lang='lat' dir='ltr'><em>restringere</em></span> <span class='ocrx_word' id='word_1_363' title='bbox 2300 3019 2419 3075; x_wconf 79' lang='lat' dir='ltr'><strong>quae</strong></span> 
     </span>
     <span class='ocr_line' id='line_1_41' title="bbox 454 3076 2419 3161; baseline -0.003 -22"><span class='ocrx_word' id='word_1_364' title='bbox 454 3080 647 3140; x_wconf 59' lang='lat' dir='ltr'><em>fietitio</em></span> <span class='ocrx_word' id='word_1_365' title='bbox 684 3085 840 3142; x_wconf 86' lang='lat' dir='ltr'><em>alicui</em></span> <span class='ocrx_word' id='word_1_366' title='bbox 877 3082 1092 3142; x_wconf 86' lang='lat' dir='ltr'><em>numini</em></span> <span class='ocrx_word' id='word_1_367' title='bbox 1129 3080 1308 3139; x_wconf 71' lang='lat' dir='ltr'><em>dicatae</em></span> <span class='ocrx_word' id='word_1_368' title='bbox 1344 3079 1502 3140; x_wconf 87' lang='lat' dir='ltr'><strong>sunt:</strong></span> <span class='ocrx_word' id='word_1_369' title='bbox 1548 3103 1719 3161; x_wconf 87' lang='lat' dir='ltr'><strong>quum</strong></span> <span class='ocrx_word' id='word_1_370' title='bbox 1754 3080 2029 3157; x_wconf 82' lang='lat' dir='ltr'><em>conceptis</em></span> <span class='ocrx_word' id='word_1_371' title='bbox 2067 3076 2244 3136; x_wconf 83' lang='lat' dir='ltr'><em>verbis</em></span> <span class='ocrx_word' id='word_1_372' title='bbox 2270 3079 2419 3134; x_wconf 78' lang='lat' dir='ltr'><em>aliter</em></span> 
     </span>
    </p>

    <p class='ocr_par' dir='ltr' id='par_1_10' title="bbox 2180 3176 2420 3215">
     <span class='ocr_line' id='line_1_42' title="bbox 2180 3176 2420 3215; baseline 0 -1"><span class='ocrx_word' id='word_1_373' title='bbox 2180 3176 2420 3215; x_wconf 87' lang='lat' dir='ltr'><em>mentem</em></span> 
     </span>
    </p>
   </div>
  </div>
 </body>
</html>
