<?xml version="1.0" encoding="UTF-8"?>
<!DOCTYPE html PUBLIC "-//W3C//DTD XHTML 1.0 Transitional//EN"
    "http://www.w3.org/TR/xhtml1/DTD/xhtml1-transitional.dtd">
<html xmlns="http://www.w3.org/1999/xhtml" xml:lang="en" lang="en">
 <head>
  <title>
</title>
<meta http-equiv="Content-Type" content="text/html;charset=utf-8" />
  <meta name='ocr-system' content='tesseract 3.04.00' />
  <meta name='ocr-capabilities' content='ocr_page ocr_carea ocr_par ocr_line ocrx_word'/>
</head>
<body>
  <div class='ocr_page' id='page_1' title='image "./hermanniwitsiiae00wits_0165.png"; bbox 0 0 2539 3612; ppageno 0'>
   <div class='ocr_carea' id='block_1_1' title="bbox 670 133 2075 217">
    <p class='ocr_par' dir='ltr' id='par_1_1' title="bbox 670 133 2075 217">
     <span class='ocr_line' id='line_1_1' title="bbox 670 133 2075 217; baseline 0.005 -29"><span class='ocrx_word' id='word_1_1' title='bbox 670 133 718 188; x_wconf 94' lang='lat' dir='ltr'><strong>L</strong></span> <span class='ocrx_word' id='word_1_2' title='bbox 759 151 781 189; x_wconf 93' lang='lat'>1</span> <span class='ocrx_word' id='word_1_3' title='bbox 823 152 876 190; x_wconf 82' lang='lat' dir='ltr'>B.</span> <span class='ocrx_word' id='word_1_4' title='bbox 921 136 1002 187; x_wconf 89' lang='lat' dir='ltr'>II.</span> <span class='ocrx_word' id='word_1_5' title='bbox 1091 133 1143 190; x_wconf 90' lang='lat' dir='ltr'>C</span> <span class='ocrx_word' id='word_1_6' title='bbox 1186 151 1226 191; x_wconf 86' lang='lat' dir='ltr'><strong>A</strong></span> <span class='ocrx_word' id='word_1_7' title='bbox 1273 150 1322 189; x_wconf 82' lang='lat' dir='ltr'>P.</span> <span class='ocrx_word' id='word_1_8' title='bbox 1368 134 1473 188; x_wconf 86' lang='lat' dir='ltr'>XI.</span> <span class='ocrx_word' id='word_1_9' title='bbox 1972 156 2075 217; x_wconf 78' lang='lat'>141</span> 
     </span>
    </p>
   </div>
   <div class='ocr_carea' id='block_1_2' title="bbox 85 230 2342 3228">
    <p class='ocr_par' dir='ltr' id='par_1_2' title="bbox 100 230 2082 715">
     <span class='ocr_line' id='line_1_2' title="bbox 102 230 2078 316; baseline -0.001 -19"><span class='ocrx_word' id='word_1_10' title='bbox 102 238 261 297; x_wconf 78' lang='lat' dir='ltr'>tribui</span> <span class='ocrx_word' id='word_1_11' title='bbox 286 249 364 296; x_wconf 51' lang='grc' dir='ltr'>(γ’</span> <span class='ocrx_word' id='word_1_12' title='bbox 375 235 598 315; x_wconf 67' lang='lat' dir='ltr'>familiae·</span> <span class='ocrx_word' id='word_1_13' title='bbox 621 240 677 289; x_wconf 82' lang='lat' dir='ltr'>in</span> <span class='ocrx_word' id='word_1_14' title='bbox 700 230 923 310; x_wconf 70' lang='lat' dir='ltr'>Israele?</span> <span class='ocrx_word' id='word_1_15' title='bbox 938 235 1072 290; x_wconf 81' lang='lat' dir='ltr'>Tum</span> <span class='ocrx_word' id='word_1_16' title='bbox 1096 238 1288 291; x_wconf 46' lang='lat' dir='ltr'>laetatus</span> <span class='ocrx_word' id='word_1_17' title='bbox 1313 235 1377 314; x_wconf 80' lang='lat' dir='ltr'>est</span> <span class='ocrx_word' id='word_1_18' title='bbox 1400 240 1604 292; x_wconf 68' lang='lat' dir='ltr'>animus</span> <span class='ocrx_word' id='word_1_19' title='bbox 1629 236 2048 316; x_wconf 65' lang='lat' dir='ltr'>ipfinssacerdotbs</span> <span class='ocrx_word' id='word_1_20' title='bbox 2063 286 2078 310; x_wconf 83' lang='lat'>‚</span> 
     </span>
     <span class='ocr_line' id='line_1_3' title="bbox 105 315 2082 402; baseline -0.002 -24"><span class='ocrx_word' id='word_1_21' title='bbox 105 332 187 377; x_wconf 61' lang='grc' dir='ltr'>Θ*</span> <span class='ocrx_word' id='word_1_22' title='bbox 210 324 392 402; x_wconf 80' lang='lat' dir='ltr'>recepit</span> <span class='ocrx_word' id='word_1_23' title='bbox 414 317 693 373; x_wconf 71' lang='lat' dir='ltr'>amiculum</span> <span class='ocrx_word' id='word_1_24' title='bbox 715 315 900 396; x_wconf 81' lang='lat' dir='ltr'>ipsum,</span> <span class='ocrx_word' id='word_1_25' title='bbox 930 327 1008 373; x_wconf 53' lang='grc' dir='ltr'>(γ’</span> <span class='ocrx_word' id='word_1_26' title='bbox 1021 322 1286 395; x_wconf 43' lang='lat' dir='ltr'>‘imagines</span> <span class='ocrx_word' id='word_1_27' title='bbox 1300 361 1316 387; x_wconf 88' lang='lat'>,</span> <span class='ocrx_word' id='word_1_28' title='bbox 1347 329 1425 373; x_wconf 60' lang='grc' dir='ltr'>ΟΝ</span> <span class='ocrx_word' id='word_1_29' title='bbox 1436 317 1674 397; x_wconf 75' lang='lat' dir='ltr'>sculptile</span> <span class='ocrx_word' id='word_1_30' title='bbox 1687 361 1704 386; x_wconf 85' lang='grc'>,</span> <span class='ocrx_word' id='word_1_31' title='bbox 1739 330 1817 375; x_wconf 56' lang='lat'>(9⁹</span> <span class='ocrx_word' id='word_1_32' title='bbox 1830 320 2082 400; x_wconf 62' lang='lat' dir='ltr'>profecslm</span> 
     </span>
     <span class='ocr_line' id='line_1_4' title="bbox 103 395 2081 478; baseline -0.001 -20"><span class='ocrx_word' id='word_1_33' title='bbox 103 401 172 478; x_wconf 78' lang='lat' dir='ltr'>est</span> <span class='ocrx_word' id='word_1_34' title='bbox 196 408 251 458; x_wconf 80' lang='lat' dir='ltr'>in</span> <span class='ocrx_word' id='word_1_35' title='bbox 275 398 436 456; x_wconf 86' lang='lat' dir='ltr'>medio</span> <span class='ocrx_word' id='word_1_36' title='bbox 462 398 601 450; x_wconf 80' lang='lat' dir='ltr'>illius</span> <span class='ocrx_word' id='word_1_37' title='bbox 618 398 813 478; x_wconf 79' lang='lat' dir='ltr'>populi.</span> <span class='ocrx_word' id='word_1_38' title='bbox 859 400 955 453; x_wconf 91' lang='lat' dir='ltr'>An</span> <span class='ocrx_word' id='word_1_39' title='bbox 980 395 1295 454; x_wconf 84' lang='lat' dir='ltr'>incredibile</span> <span class='ocrx_word' id='word_1_40' title='bbox 1320 395 1422 466; x_wconf 80' lang='lat' dir='ltr'>est,</span> <span class='ocrx_word' id='word_1_41' title='bbox 1442 415 1551 453; x_wconf 86' lang='lat' dir='ltr'>tam</span> <span class='ocrx_word' id='word_1_42' title='bbox 1575 396 1883 455; x_wconf 83' lang='lat' dir='ltr'>famelicum</span> <span class='ocrx_word' id='word_1_43' title='bbox 1909 399 2081 458; x_wconf 78' lang='lat' dir='ltr'>dolosi</span> 
     </span>
     <span class='ocr_line' id='line_1_5' title="bbox 101 475 2081 558; baseline -0.001 -19"><span class='ocrx_word' id='word_1_44' title='bbox 101 482 312 539; x_wconf 90' lang='lat' dir='ltr'>nummi</span> <span class='ocrx_word' id='word_1_45' title='bbox 335 475 694 552; x_wconf 82' lang='lat' dir='ltr'>mancipium,</span> <span class='ocrx_word' id='word_1_46' title='bbox 739 478 835 555; x_wconf 88' lang='lat' dir='ltr'>qui</span> <span class='ocrx_word' id='word_1_47' title='bbox 862 478 1030 533; x_wconf 89' lang='lat' dir='ltr'>invita</span> <span class='ocrx_word' id='word_1_48' title='bbox 1053 480 1170 557; x_wconf 83' lang='lat' dir='ltr'>lege</span> <span class='ocrx_word' id='word_1_49' title='bbox 1197 479 1310 532; x_wconf 91' lang='lat' dir='ltr'>Dei</span> <span class='ocrx_word' id='word_1_50' title='bbox 1337 477 1676 534; x_wconf 78' lang='lat' dir='ltr'>Sacerdotem</span> <span class='ocrx_word' id='word_1_51' title='bbox 1723 478 1912 558; x_wconf 82' lang='lat' dir='ltr'>agebat</span> <span class='ocrx_word' id='word_1_52' title='bbox 1942 525 1957 551; x_wconf 83' lang='lat'>‚</span> <span class='ocrx_word' id='word_1_53' title='bbox 2003 479 2081 538; x_wconf 85' lang='lat' dir='ltr'>sa·-</span> 
     </span>
     <span class='ocr_line' id='line_1_6' title="bbox 101 556 2081 642; baseline 0.001 -25"><span class='ocrx_word' id='word_1_54' title='bbox 101 559 443 618; x_wconf 86' lang='lat' dir='ltr'>cratiffimum</span> <span class='ocrx_word' id='word_1_55' title='bbox 467 557 707 612; x_wconf 88' lang='lat' dir='ltr'>numinis</span> <span class='ocrx_word' id='word_1_56' title='bbox 731 578 937 614; x_wconf 90' lang='lat' dir='ltr'>nomen</span> <span class='ocrx_word' id='word_1_57' title='bbox 963 559 1287 617; x_wconf 87' lang='lat' dir='ltr'>commentis</span> <span class='ocrx_word' id='word_1_58' title='bbox 1311 556 1413 614; x_wconf 88' lang='lat' dir='ltr'>suis</span> <span class='ocrx_word' id='word_1_59' title='bbox 1426 602 1442 628; x_wconf 85' lang='lat'>‚</span> <span class='ocrx_word' id='word_1_60' title='bbox 1457 557 1522 615; x_wconf 87' lang='lat' dir='ltr'>ad</span> <span class='ocrx_word' id='word_1_61' title='bbox 1547 556 1787 617; x_wconf 86' lang='lat' dir='ltr'>favorem</span> <span class='ocrx_word' id='word_1_62' title='bbox 1810 582 2081 642; x_wconf 85' lang='lat' dir='ltr'>aucupan-</span> 
     </span>
     <span class='ocr_line' id='line_1_7' title="bbox 100 638 1002 715; baseline -0.003 -16"><span class='ocrx_word' id='word_1_63' title='bbox 100 641 230 699; x_wconf 91' lang='lat' dir='ltr'>dum</span> <span class='ocrx_word' id='word_1_64' title='bbox 256 639 598 714; x_wconf 80' lang='lat' dir='ltr'>comparatiS‚</span> <span class='ocrx_word' id='word_1_65' title='bbox 643 638 1002 715; x_wconf 77' lang='lat' dir='ltr'>praetexuiffe?</span> 
     </span>
    </p>

    <p class='ocr_par' dir='ltr' id='par_1_3' title="bbox 87 719 2080 1523">
     <span class='ocr_line' id='line_1_8' title="bbox 178 719 2080 802; baseline 0.003 -25"><span class='ocrx_word' id='word_1_66' title='bbox 178 723 297 779; x_wconf 90' lang='lat' dir='ltr'>XX.</span> <span class='ocrx_word' id='word_1_67' title='bbox 341 719 543 797; x_wconf 83' lang='lat' dir='ltr'>Neque</span> <span class='ocrx_word' id='word_1_68' title='bbox 572 721 958 776; x_wconf 61' lang='lat' dir='ltr'>commentitiae</span> <span class='ocrx_word' id='word_1_69' title='bbox 984 721 1141 777; x_wconf 88' lang='lat' dir='ltr'>alicui</span> <span class='ocrx_word' id='word_1_70' title='bbox 1167 719 1498 799; x_wconf 72' lang='lat' dir='ltr'>praediffloni</span> <span class='ocrx_word' id='word_1_71' title='bbox 1516 720 1838 802; x_wconf 87' lang='lat' dir='ltr'>respondens</span> <span class='ocrx_word' id='word_1_72' title='bbox 1856 742 2080 782; x_wconf 79' lang='lat' dir='ltr'>eventus</span> 
     </span>
     <span class='ocr_line' id='line_1_9' title="bbox 94 797 2078 881; baseline 0.002 -23"><span class='ocrx_word' id='word_1_73' title='bbox 94 823 224 858; x_wconf 84' lang='lat' dir='ltr'>mox</span> <span class='ocrx_word' id='word_1_74' title='bbox 247 803 297 857; x_wconf 89' lang='lat' dir='ltr'>ei</span> <span class='ocrx_word' id='word_1_75' title='bbox 321 802 433 856; x_wconf 86' lang='lat' dir='ltr'>veri</span> <span class='ocrx_word' id='word_1_76' title='bbox 457 801 658 855; x_wconf 89' lang='lat' dir='ltr'>oraculi</span> <span class='ocrx_word' id='word_1_77' title='bbox 683 797 850 856; x_wconf 87' lang='lat' dir='ltr'>fidem</span> <span class='ocrx_word' id='word_1_78' title='bbox 874 803 1141 858; x_wconf 88' lang='lat' dir='ltr'>conciliat.</span> <span class='ocrx_word' id='word_1_79' title='bbox 1230 804 1392 859; x_wconf 84' lang='lat' dir='ltr'>Plena</span> <span class='ocrx_word' id='word_1_80' title='bbox 1416 808 1561 862; x_wconf 85' lang='lat' dir='ltr'>enim</span> <span class='ocrx_word' id='word_1_81' title='bbox 1588 806 1959 881; x_wconf 83' lang='lat' dir='ltr'>exemplorum</span> <span class='ocrx_word' id='word_1_82' title='bbox 1984 828 2078 862; x_wconf 91' lang='lat' dir='ltr'>ve-</span> 
     </span>
     <span class='ocr_line' id='line_1_10' title="bbox 96 878 2078 963; baseline 0.003 -25"><span class='ocrx_word' id='word_1_83' title='bbox 96 881 254 938; x_wconf 89' lang='lat' dir='ltr'>tustas</span> <span class='ocrx_word' id='word_1_84' title='bbox 270 924 288 955; x_wconf 65' lang='lat'>3</span> <span class='ocrx_word' id='word_1_85' title='bbox 316 883 473 960; x_wconf 88' lang='lat' dir='ltr'>plena</span> <span class='ocrx_word' id='word_1_86' title='bbox 497 878 798 937; x_wconf 88' lang='lat' dir='ltr'>seculorum</span> <span class='ocrx_word' id='word_1_87' title='bbox 824 884 1073 939; x_wconf 88' lang='lat' dir='ltr'>omnium</span> <span class='ocrx_word' id='word_1_88' title='bbox 1099 885 1428 959; x_wconf 76' lang='lat' dir='ltr'>experientia</span> <span class='ocrx_word' id='word_1_89' title='bbox 1453 884 1555 955; x_wconf 87' lang='lat' dir='ltr'>est,</span> <span class='ocrx_word' id='word_1_90' title='bbox 1573 883 1926 963; x_wconf 73' lang='lat' dir='ltr'>ineptissimos</span> <span class='ocrx_word' id='word_1_91' title='bbox 1952 885 2078 943; x_wconf 90' lang='lat' dir='ltr'>fati-</span> 
     </span>
     <span class='ocr_line' id='line_1_11' title="bbox 93 961 2075 1045; baseline 0.002 -25"><span class='ocrx_word' id='word_1_92' title='bbox 93 962 272 1032; x_wconf 68' lang='lat' dir='ltr'>diem,</span> <span class='ocrx_word' id='word_1_93' title='bbox 312 964 407 1041; x_wconf 90' lang='lat' dir='ltr'>qui</span> <span class='ocrx_word' id='word_1_94' title='bbox 444 962 654 1018; x_wconf 80' lang='lat' dir='ltr'>nullum</span> <span class='ocrx_word' id='word_1_95' title='bbox 678 984 882 1019; x_wconf 88' lang='lat' dir='ltr'>numen</span> <span class='ocrx_word' id='word_1_96' title='bbox 908 962 1008 1020; x_wconf 74' lang='lat' dir='ltr'>nisi</span> <span class='ocrx_word' id='word_1_97' title='bbox 1033 965 1090 1020; x_wconf 90' lang='lat' dir='ltr'>in</span> <span class='ocrx_word' id='word_1_98' title='bbox 1118 961 1382 1021; x_wconf 90' lang='lat' dir='ltr'>cerebello</span> <span class='ocrx_word' id='word_1_99' title='bbox 1406 964 1648 1023; x_wconf 86' lang='lat' dir='ltr'>habitans</span> <span class='ocrx_word' id='word_1_100' title='bbox 1674 988 1916 1045; x_wconf 86' lang='lat' dir='ltr'>unquam</span> <span class='ocrx_word' id='word_1_101' title='bbox 1940 987 2075 1024; x_wconf 87' lang='lat' dir='ltr'>con-</span> 
     </span>
     <span class='ocr_line' id='line_1_12' title="bbox 90 1041 2075 1121; baseline 0.003 -22"><span class='ocrx_word' id='word_1_102' title='bbox 90 1041 358 1100; x_wconf 88' lang='lat' dir='ltr'>suluerant</span> <span class='ocrx_word' id='word_1_103' title='bbox 383 1087 401 1113; x_wconf 84' lang='lat'>‚</span> <span class='ocrx_word' id='word_1_104' title='bbox 440 1041 757 1101; x_wconf 78' lang='lat' dir='ltr'>hariolando</span> <span class='ocrx_word' id='word_1_105' title='bbox 797 1044 855 1100; x_wconf 92' lang='lat' dir='ltr'>in</span> <span class='ocrx_word' id='word_1_106' title='bbox 882 1065 1070 1101; x_wconf 89' lang='lat' dir='ltr'>verum</span> <span class='ocrx_word' id='word_1_107' title='bbox 1092 1042 1219 1121; x_wconf 90' lang='lat' dir='ltr'>saepe</span> <span class='ocrx_word' id='word_1_108' title='bbox 1246 1045 1500 1103; x_wconf 79' lang='lat' dir='ltr'>incidiffe.</span> <span class='ocrx_word' id='word_1_109' title='bbox 1590 1046 1693 1104; x_wconf 88' lang='lat' dir='ltr'>Sed</span> <span class='ocrx_word' id='word_1_110' title='bbox 1717 1053 1771 1102; x_wconf 88' lang='lat'>&amp;</span> <span class='ocrx_word' id='word_1_111' title='bbox 1795 1046 1882 1104; x_wconf 94' lang='lat' dir='ltr'>hic</span> <span class='ocrx_word' id='word_1_112' title='bbox 1909 1050 2075 1105; x_wconf 87' lang='lat' dir='ltr'>multa</span> 
     </span>
     <span class='ocr_line' id='line_1_13' title="bbox 92 1123 2074 1205; baseline 0.003 -25"><span class='ocrx_word' id='word_1_113' title='bbox 92 1123 515 1192; x_wconf 79' lang='lat' dir='ltr'>concurrebant,</span> <span class='ocrx_word' id='word_1_114' title='bbox 531 1145 646 1201; x_wconf 77' lang='lat' dir='ltr'>quae</span> <span class='ocrx_word' id='word_1_115' title='bbox 662 1127 852 1180; x_wconf 77' lang='lat' dir='ltr'>Levitae</span> <span class='ocrx_word' id='word_1_116' title='bbox 876 1124 1058 1182; x_wconf 89' lang='lat' dir='ltr'>nostro</span> <span class='ocrx_word' id='word_1_117' title='bbox 1086 1124 1256 1182; x_wconf 87' lang='lat' dir='ltr'>felicis</span> <span class='ocrx_word' id='word_1_118' title='bbox 1280 1128 1523 1183; x_wconf 81' lang='lat' dir='ltr'>vaticinii</span> <span class='ocrx_word' id='word_1_119' title='bbox 1549 1124 1695 1205; x_wconf 90' lang='lat' dir='ltr'>spem</span> <span class='ocrx_word' id='word_1_120' title='bbox 1720 1124 1889 1184; x_wconf 88' lang='lat' dir='ltr'>facere</span> <span class='ocrx_word' id='word_1_121' title='bbox 1914 1147 2074 1205; x_wconf 81' lang='lat' dir='ltr'>pote-</span> 
     </span>
     <span class='ocr_line' id='line_1_14' title="bbox 87 1204 2075 1286; baseline 0.003 -26"><span class='ocrx_word' id='word_1_122' title='bbox 87 1223 222 1262; x_wconf 82' lang='lat' dir='ltr'>rant.</span> <span class='ocrx_word' id='word_1_123' title='bbox 313 1226 445 1260; x_wconf 87' lang='lat' dir='ltr'>uum</span> <span class='ocrx_word' id='word_1_124' title='bbox 469 1207 617 1259; x_wconf 86' lang='lat' dir='ltr'>enim</span> <span class='ocrx_word' id='word_1_125' title='bbox 642 1207 796 1260; x_wconf 85' lang='lat' dir='ltr'>Deus</span> <span class='ocrx_word' id='word_1_126' title='bbox 823 1204 1039 1284; x_wconf 79' lang='lat' dir='ltr'>lingulis</span> <span class='ocrx_word' id='word_1_127' title='bbox 1066 1205 1311 1263; x_wconf 83' lang='lat' dir='ltr'>tribubus</span> <span class='ocrx_word' id='word_1_128' title='bbox 1336 1205 1489 1282; x_wconf 86' lang='lat' dir='ltr'>justas</span> <span class='ocrx_word' id='word_1_129' title='bbox 1515 1210 1572 1264; x_wconf 91' lang='lat' dir='ltr'>in</span> <span class='ocrx_word' id='word_1_130' title='bbox 1586 1226 1721 1264; x_wconf 87' lang='lat' dir='ltr'>terra</span> <span class='ocrx_word' id='word_1_131' title='bbox 1735 1207 2075 1286; x_wconf 72' lang='lat' dir='ltr'>posseffiones</span> 
     </span>
     <span class='ocr_line' id='line_1_15' title="bbox 88 1283 2076 1369; baseline 0.003 -28"><span class='ocrx_word' id='word_1_132' title='bbox 88 1287 362 1362; x_wconf 87' lang='lat' dir='ltr'>pollicitus</span> <span class='ocrx_word' id='word_1_133' title='bbox 388 1283 539 1351; x_wconf 81' lang='lat' dir='ltr'>esset,</span> <span class='ocrx_word' id='word_1_134' title='bbox 574 1288 832 1340; x_wconf 58' lang='lat' dir='ltr'>Dammae</span> <span class='ocrx_word' id='word_1_135' title='bbox 858 1305 1036 1343; x_wconf 89' lang='lat' dir='ltr'>autem</span> <span class='ocrx_word' id='word_1_136' title='bbox 1063 1289 1121 1343; x_wconf 90' lang='lat' dir='ltr'>in</span> <span class='ocrx_word' id='word_1_137' title='bbox 1146 1309 1272 1344; x_wconf 91' lang='lat' dir='ltr'>eum</span> <span class='ocrx_word' id='word_1_138' title='bbox 1296 1286 1460 1368; x_wconf 85' lang='lat' dir='ltr'>usque</span> <span class='ocrx_word' id='word_1_139' title='bbox 1487 1289 1633 1345; x_wconf 90' lang='lat' dir='ltr'>diem</span> <span class='ocrx_word' id='word_1_140' title='bbox 1659 1311 1773 1345; x_wconf 89' lang='lat' dir='ltr'>non</span> <span class='ocrx_word' id='word_1_141' title='bbox 1798 1288 2076 1369; x_wconf 80' lang='lat' dir='ltr'>obtigiffet</span> 
     </span>
     <span class='ocr_line' id='line_1_16' title="bbox 88 1363 2074 1448; baseline 0.003 -27"><span class='ocrx_word' id='word_1_142' title='bbox 88 1383 355 1443; x_wconf 89' lang='lat' dir='ltr'>quantum</span> <span class='ocrx_word' id='word_1_143' title='bbox 390 1363 509 1418; x_wconf 84' lang='lat' dir='ltr'>satis</span> <span class='ocrx_word' id='word_1_144' title='bbox 545 1382 693 1419; x_wconf 85' lang='lat' dir='ltr'>erat:</span> <span class='ocrx_word' id='word_1_145' title='bbox 733 1368 965 1422; x_wconf 85' lang='lat' dir='ltr'>omnino</span> <span class='ocrx_word' id='word_1_146' title='bbox 1002 1367 1173 1423; x_wconf 88' lang='lat' dir='ltr'>videri</span> <span class='ocrx_word' id='word_1_147' title='bbox 1209 1387 1459 1445; x_wconf 85' lang='lat' dir='ltr'>poterant</span> <span class='ocrx_word' id='word_1_148' title='bbox 1488 1390 1603 1426; x_wconf 87' lang='lat' dir='ltr'>non</span> <span class='ocrx_word' id='word_1_149' title='bbox 1628 1367 1823 1448; x_wconf 83' lang='lat' dir='ltr'>absque</span> <span class='ocrx_word' id='word_1_150' title='bbox 1850 1372 2074 1427; x_wconf 79' lang='lat' dir='ltr'>numine</span> 
     </span>
     <span class='ocr_line' id='line_1_17' title="bbox 91 1440 942 1523; baseline -0.001 -22"><span class='ocrx_word' id='word_1_151' title='bbox 91 1447 375 1523; x_wconf 86' lang='lat' dir='ltr'>ampliores</span> <span class='ocrx_word' id='word_1_152' title='bbox 402 1442 495 1499; x_wconf 85' lang='lat' dir='ltr'>fibi</span> <span class='ocrx_word' id='word_1_153' title='bbox 525 1440 667 1499; x_wconf 86' lang='lat' dir='ltr'>sedes</span> <span class='ocrx_word' id='word_1_154' title='bbox 694 1463 942 1522; x_wconf 64' lang='lat' dir='ltr'>quaerere.</span> 
     </span>
    </p>

    <p class='ocr_par' dir='ltr' id='par_1_4' title="bbox 85 1525 2080 2160">
     <span class='ocr_line' id='line_1_18' title="bbox 171 1525 2078 1603; baseline 0.003 -20"><span class='ocrx_word' id='word_1_155' title='bbox 171 1529 319 1584; x_wconf 86' lang='lat' dir='ltr'><strong>XXI.</strong></span> <span class='ocrx_word' id='word_1_156' title='bbox 369 1526 423 1581; x_wconf 90' lang='lat' dir='ltr'>Si</span> <span class='ocrx_word' id='word_1_157' title='bbox 451 1525 571 1603; x_wconf 85' lang='lat' dir='ltr'>quis</span> <span class='ocrx_word' id='word_1_158' title='bbox 597 1541 779 1581; x_wconf 86' lang='lat' dir='ltr'>tamen</span> <span class='ocrx_word' id='word_1_159' title='bbox 806 1525 1017 1583; x_wconf 84' lang='lat' dir='ltr'>credere</span> <span class='ocrx_word' id='word_1_160' title='bbox 1046 1527 1264 1583; x_wconf 75' lang='lat' dir='ltr'>mavelit</span> <span class='ocrx_word' id='word_1_161' title='bbox 1280 1527 1449 1596; x_wconf 59' lang='lat' dir='ltr'>‚nihil</span> <span class='ocrx_word' id='word_1_162' title='bbox 1471 1533 1715 1586; x_wconf 74' lang='lat' dir='ltr'>Levitam</span> <span class='ocrx_word' id='word_1_163' title='bbox 1740 1529 1944 1588; x_wconf 72' lang='lat' dir='ltr'>finxiffe</span> <span class='ocrx_word' id='word_1_164' title='bbox 1959 1530 2078 1600; x_wconf 79' lang='lat' dir='ltr'>3sed</span> 
     </span>
     <span class='ocr_line' id='line_1_19' title="bbox 85 1604 2078 1691; baseline 0.002 -27"><span class='ocrx_word' id='word_1_165' title='bbox 85 1625 266 1665; x_wconf 81' lang='lat' dir='ltr'>revera</span> <span class='ocrx_word' id='word_1_166' title='bbox 303 1604 400 1669; x_wconf 87' lang='lat' dir='ltr'>fibi</span> <span class='ocrx_word' id='word_1_167' title='bbox 428 1606 482 1663; x_wconf 85' lang='lat' dir='ltr'>id</span> <span class='ocrx_word' id='word_1_168' title='bbox 511 1604 660 1683; x_wconf 85' lang='lat' dir='ltr'>quod</span> <span class='ocrx_word' id='word_1_169' title='bbox 685 1625 858 1663; x_wconf 88' lang='lat' dir='ltr'>narrat</span> <span class='ocrx_word' id='word_1_170' title='bbox 882 1628 978 1685; x_wconf 85' lang='lat' dir='ltr'>per</span> <span class='ocrx_word' id='word_1_171' title='bbox 1001 1606 1316 1691; x_wconf 76' lang='lat' dir='ltr'>Theraphim</span> <span class='ocrx_word' id='word_1_172' title='bbox 1338 1606 1649 1686; x_wconf 89' lang='lat' dir='ltr'>responsum</span> <span class='ocrx_word' id='word_1_173' title='bbox 1675 1609 1774 1667; x_wconf 77' lang='lat' dir='ltr'>esse</span> <span class='ocrx_word' id='word_1_174' title='bbox 1798 1636 1815 1680; x_wconf 83' lang='lat'><em>3</em></span> <span class='ocrx_word' id='word_1_175' title='bbox 1860 1613 1993 1690; x_wconf 86' lang='lat' dir='ltr'>quid</span> <span class='ocrx_word' id='word_1_176' title='bbox 2019 1614 2078 1667; x_wconf 79' lang='lat' dir='ltr'>ni</span> 
     </span>
     <span class='ocr_line' id='line_1_20' title="bbox 92 1684 2080 1770; baseline 0.003 -26"><span class='ocrx_word' id='word_1_177' title='bbox 92 1687 347 1765; x_wconf 85' lang='lat' dir='ltr'>potuiffet</span> <span class='ocrx_word' id='word_1_178' title='bbox 369 1689 523 1744; x_wconf 87' lang='lat' dir='ltr'>Deus</span> <span class='ocrx_word' id='word_1_179' title='bbox 539 1727 558 1759; x_wconf 72' lang='lat'><strong><em>³</em></strong></span> <span class='ocrx_word' id='word_1_180' title='bbox 603 1687 753 1765; x_wconf 78' lang='lat' dir='ltr'>quod</span> <span class='ocrx_word' id='word_1_181' title='bbox 779 1684 906 1766; x_wconf 84' lang='lat' dir='ltr'>saepe</span> <span class='ocrx_word' id='word_1_182' title='bbox 933 1686 1164 1759; x_wconf 52' lang='lat' dir='ltr'>faffum,</span> <span class='ocrx_word' id='word_1_183' title='bbox 1198 1687 1386 1768; x_wconf 81' lang='lat' dir='ltr'>spiritu</span> <span class='ocrx_word' id='word_1_184' title='bbox 1411 1689 1656 1748; x_wconf 79' lang='lat' dir='ltr'>mendaci</span> <span class='ocrx_word' id='word_1_185' title='bbox 1684 1690 1834 1748; x_wconf 88' lang='lat' dir='ltr'>abuti</span> <span class='ocrx_word' id='word_1_186' title='bbox 1859 1691 1923 1749; x_wconf 88' lang='lat' dir='ltr'>ad</span> <span class='ocrx_word' id='word_1_187' title='bbox 1945 1713 2080 1770; x_wconf 66' lang='lat' dir='ltr'>prce-</span> 
     </span>
     <span class='ocr_line' id='line_1_21' title="bbox 94 1766 2076 1848; baseline 0.004 -25"><span class='ocrx_word' id='word_1_188' title='bbox 94 1766 343 1847; x_wconf 81' lang='lat' dir='ltr'>sagienda</span> <span class='ocrx_word' id='word_1_189' title='bbox 363 1789 485 1824; x_wconf 86' lang='lat' dir='ltr'>vera</span> <span class='ocrx_word' id='word_1_190' title='bbox 507 1810 522 1835; x_wconf 86' lang='lat'>‚</span> <span class='ocrx_word' id='word_1_191' title='bbox 570 1788 681 1844; x_wconf 80' lang='lat' dir='ltr'>quo</span> <span class='ocrx_word' id='word_1_192' title='bbox 709 1766 985 1826; x_wconf 87' lang='lat' dir='ltr'>inserviret</span> <span class='ocrx_word' id='word_1_193' title='bbox 1009 1767 1108 1826; x_wconf 84' lang='lat' dir='ltr'>suae</span> <span class='ocrx_word' id='word_1_194' title='bbox 1132 1770 1485 1848; x_wconf 84' lang='lat' dir='ltr'>providentiae</span> <span class='ocrx_word' id='word_1_195' title='bbox 1509 1777 1530 1828; x_wconf 87' lang='lat'>?</span> <span class='ocrx_word' id='word_1_196' title='bbox 1575 1771 1701 1829; x_wconf 91' lang='lat' dir='ltr'>Nec</span> <span class='ocrx_word' id='word_1_197' title='bbox 1729 1775 1923 1830; x_wconf 79' lang='lat' dir='ltr'>certius</span> <span class='ocrx_word' id='word_1_198' title='bbox 1948 1773 2076 1830; x_wconf 86' lang='lat' dir='ltr'>hinc</span> 
     </span>
     <span class='ocr_line' id='line_1_22' title="bbox 94 1847 2078 1938; baseline 0.002 -32"><span class='ocrx_word' id='word_1_199' title='bbox 94 1850 459 1927; x_wconf 85' lang='lat' dir='ltr'>patrocinium</span> <span class='ocrx_word' id='word_1_200' title='bbox 481 1868 581 1926; x_wconf 85' lang='lat' dir='ltr'>pro</span> <span class='ocrx_word' id='word_1_201' title='bbox 607 1847 807 1903; x_wconf 60' lang='lat' dir='ltr'><em>Michae</em></span> <span class='ocrx_word' id='word_1_202' title='bbox 829 1848 1142 1930; x_wconf 70' lang='lat' dir='ltr'>Theraphim</span> <span class='ocrx_word' id='word_1_203' title='bbox 1168 1853 1406 1908; x_wconf 87' lang='lat' dir='ltr'>invenias</span> <span class='ocrx_word' id='word_1_204' title='bbox 1421 1896 1436 1921; x_wconf 83' lang='lat'>,</span> <span class='ocrx_word' id='word_1_205' title='bbox 1455 1875 1617 1931; x_wconf 92' lang='lat' dir='ltr'>quam</span> <span class='ocrx_word' id='word_1_206' title='bbox 1640 1875 1739 1932; x_wconf 88' lang='lat' dir='ltr'>pro</span> <span class='ocrx_word' id='word_1_207' title='bbox 1764 1854 2078 1938; x_wconf 72' lang='lat' dir='ltr'>Theraphim</span> 
     </span>
     <span class='ocr_line' id='line_1_23' title="bbox 98 1927 2073 2011; baseline 0.003 -25"><span class='ocrx_word' id='word_1_208' title='bbox 98 1927 591 1990; x_wconf 64' lang='lat' dir='ltr'>Nebucadnetzaris</span> <span class='ocrx_word' id='word_1_209' title='bbox 613 1971 628 1995; x_wconf 83' lang='lat'>‚</span> <span class='ocrx_word' id='word_1_210' title='bbox 674 1931 770 2008; x_wconf 86' lang='lat' dir='ltr'>qui</span> <span class='ocrx_word' id='word_1_211' title='bbox 802 1927 1157 2008; x_wconf 86' lang='lat' dir='ltr'>superstitiose</span> <span class='ocrx_word' id='word_1_212' title='bbox 1183 1974 1198 1999; x_wconf 92' lang='lat'>,</span> <span class='ocrx_word' id='word_1_213' title='bbox 1244 1933 1410 2009; x_wconf 88' lang='lat' dir='ltr'>impie</span> <span class='ocrx_word' id='word_1_214' title='bbox 1445 1950 1604 2011; x_wconf 84' lang='lat' dir='ltr'>atque</span> <span class='ocrx_word' id='word_1_215' title='bbox 1640 1934 1972 1992; x_wconf 84' lang='lat' dir='ltr'>idololatrice</span> <span class='ocrx_word' id='word_1_216' title='bbox 2009 1935 2073 1992; x_wconf 86' lang='lat' dir='ltr'>ab</span> 
     </span>
     <span class='ocr_line' id='line_1_24' title="bbox 93 2009 2077 2096; baseline 0.004 -30"><span class='ocrx_word' id='word_1_217' title='bbox 93 2009 213 2089; x_wconf 83' lang='lat' dir='ltr'>ipso</span> <span class='ocrx_word' id='word_1_218' title='bbox 250 2009 518 2079; x_wconf 84' lang='lat' dir='ltr'>consulti,</span> <span class='ocrx_word' id='word_1_219' title='bbox 562 2010 691 2064; x_wconf 90' lang='lat' dir='ltr'>Deo</span> <span class='ocrx_word' id='word_1_220' title='bbox 727 2009 993 2089; x_wconf 83' lang='lat' dir='ltr'>dirigente</span> <span class='ocrx_word' id='word_1_221' title='bbox 1021 2056 1037 2081; x_wconf 89' lang='lat'>,</span> <span class='ocrx_word' id='word_1_222' title='bbox 1081 2009 1367 2070; x_wconf 85' lang='lat' dir='ltr'>suadebant</span> <span class='ocrx_word' id='word_1_223' title='bbox 1391 2012 1732 2072; x_wconf 88' lang='lat' dir='ltr'>obfidionem</span> <span class='ocrx_word' id='word_1_224' title='bbox 1757 2016 2077 2096; x_wconf 75' lang='lat' dir='ltr'>Hierosoly--</span> 
     </span>
     <span class='ocr_line' id='line_1_25' title="bbox 91 2088 974 2160; baseline -0.001 -11"><span class='ocrx_word' id='word_1_225' title='bbox 91 2112 326 2151; x_wconf 89' lang='lat' dir='ltr'>morum.</span> <span class='ocrx_word' id='word_1_226' title='bbox 382 2088 576 2149; x_wconf 88' lang='lat' dir='ltr'>Ezech.</span> <span class='ocrx_word' id='word_1_227' title='bbox 606 2110 732 2146; x_wconf 83' lang='lat' dir='ltr'><strong>xx1.</strong></span> <span class='ocrx_word' id='word_1_228' title='bbox 763 2100 852 2147; x_wconf 86' lang='lat'>26.</span> <span class='ocrx_word' id='word_1_229' title='bbox 884 2112 974 2160; x_wconf 82' lang='lat'>27.</span> 
     </span>
    </p>

    <p class='ocr_par' dir='ltr' id='par_1_5' title="bbox 90 2172 2342 3153">
     <span class='ocr_line' id='line_1_26' title="bbox 178 2172 2074 2260; baseline 0.002 -27"><span class='ocrx_word' id='word_1_230' title='bbox 178 2178 349 2234; x_wconf 90' lang='lat' dir='ltr'><strong>XXII.</strong></span> <span class='ocrx_word' id='word_1_231' title='bbox 389 2179 511 2232; x_wconf 89' lang='lat' dir='ltr'>Hac</span> <span class='ocrx_word' id='word_1_232' title='bbox 535 2186 651 2228; x_wconf 78' lang='lat' dir='ltr'>arce</span> <span class='ocrx_word' id='word_1_233' title='bbox 677 2172 853 2230; x_wconf 82' lang='lat' dir='ltr'>cauffae</span> <span class='ocrx_word' id='word_1_234' title='bbox 877 2172 980 2231; x_wconf 82' lang='lat' dir='ltr'>suae</span> <span class='ocrx_word' id='word_1_235' title='bbox 1001 2174 1245 2254; x_wconf 82' lang='lat' dir='ltr'>depulsus</span> <span class='ocrx_word' id='word_1_236' title='bbox 1270 2183 1542 2260; x_wconf 70' lang='lat' dir='ltr'>Spencerus</span> <span class='ocrx_word' id='word_1_237' title='bbox 1568 2181 1625 2237; x_wconf 92' lang='lat' dir='ltr'>in</span> <span class='ocrx_word' id='word_1_238' title='bbox 1651 2179 1890 2236; x_wconf 71' lang='lat' dir='ltr'>Davidis</span> <span class='ocrx_word' id='word_1_239' title='bbox 1902 2178 2074 2236; x_wconf 37' lang='lat' dir='ltr'>histo*</span> 
     </span>
     <span class='ocr_line' id='line_1_27' title="bbox 94 2253 2074 2339; baseline 0.004 -29"><span class='ocrx_word' id='word_1_240' title='bbox 94 2255 173 2311; x_wconf 85' lang='lat' dir='ltr'>ria</span> <span class='ocrx_word' id='word_1_241' title='bbox 205 2277 394 2334; x_wconf 80' lang='lat' dir='ltr'>parum</span> <span class='ocrx_word' id='word_1_242' title='bbox 428 2253 721 2314; x_wconf 83' lang='lat' dir='ltr'>admodum</span> <span class='ocrx_word' id='word_1_243' title='bbox 755 2257 1239 2334; x_wconf 67' lang='lat' dir='ltr'>reperiet-praesidii</span> <span class='ocrx_word' id='word_1_244' title='bbox 1268 2283 1280 2315; x_wconf 71' lang='grc' dir='ltr'>ε</span> <span class='ocrx_word' id='word_1_245' title='bbox 1326 2280 1389 2315; x_wconf 81' lang='lat' dir='ltr'>ex</span> <span class='ocrx_word' id='word_1_246' title='bbox 1425 2282 1530 2339; x_wconf 85' lang='lat' dir='ltr'>qua</span> <span class='ocrx_word' id='word_1_247' title='bbox 1553 2261 1618 2317; x_wconf 89' lang='lat' dir='ltr'>ad</span> <span class='ocrx_word' id='word_1_248' title='bbox 1643 2257 1909 2317; x_wconf 87' lang='lat' dir='ltr'>summum</span> <span class='ocrx_word' id='word_1_249' title='bbox 1934 2259 2074 2317; x_wconf 80' lang='lat' dir='ltr'>nihil</span> 
     </span>
     <span class='ocr_line' id='line_1_28' title="bbox 94 2332 2069 2419; baseline 0.004 -28"><span class='ocrx_word' id='word_1_250' title='bbox 94 2336 240 2395; x_wconf 77' lang='lat' dir='ltr'>aliud</span> <span class='ocrx_word' id='word_1_251' title='bbox 264 2336 450 2395; x_wconf 85' lang='lat' dir='ltr'>inferri</span> <span class='ocrx_word' id='word_1_252' title='bbox 477 2332 653 2415; x_wconf 89' lang='lat' dir='ltr'>potest</span> <span class='ocrx_word' id='word_1_253' title='bbox 675 2379 691 2404; x_wconf 87' lang='lat'>,</span> <span class='ocrx_word' id='word_1_254' title='bbox 746 2337 845 2395; x_wconf 82' lang='lat' dir='ltr'>nifi</span> <span class='ocrx_word' id='word_1_255' title='bbox 868 2336 974 2395; x_wconf 90' lang='lat' dir='ltr'>hoc</span> <span class='ocrx_word' id='word_1_256' title='bbox 998 2336 1207 2396; x_wconf 76' lang='lat' dir='ltr'>fortasse</span> <span class='ocrx_word' id='word_1_257' title='bbox 1234 2339 1383 2419; x_wconf 91' lang='lat' dir='ltr'>quod</span> <span class='ocrx_word' id='word_1_258' title='bbox 1404 2338 1491 2398; x_wconf 88' lang='lat' dir='ltr'>hic</span> <span class='ocrx_word' id='word_1_259' title='bbox 1515 2342 1705 2397; x_wconf 83' lang='lat' dir='ltr'>unicus</span> <span class='ocrx_word' id='word_1_260' title='bbox 1729 2342 1787 2397; x_wconf 92' lang='lat' dir='ltr'>in</span> <span class='ocrx_word' id='word_1_261' title='bbox 1815 2339 2069 2419; x_wconf 82' lang='lat' dir='ltr'>scriptura</span> 
     </span>
     <span class='ocr_line' id='line_1_29' title="bbox 92 2416 2062 2502; baseline 0.005 -31"><span class='ocrx_word' id='word_1_262' title='bbox 92 2416 244 2475; x_wconf 85' lang='lat' dir='ltr'>locus</span> <span class='ocrx_word' id='word_1_263' title='bbox 269 2418 435 2477; x_wconf 81' lang='lat' dir='ltr'>exstet</span> <span class='ocrx_word' id='word_1_264' title='bbox 457 2421 516 2475; x_wconf 89' lang='lat' dir='ltr'>in</span> <span class='ocrx_word' id='word_1_265' title='bbox 540 2436 651 2498; x_wconf 86' lang='lat' dir='ltr'>quo</span> <span class='ocrx_word' id='word_1_266' title='bbox 677 2438 781 2474; x_wconf 82' lang='lat' dir='ltr'>vox</span> <span class='ocrx_word' id='word_1_267' title='bbox 802 2418 1116 2502; x_wconf 73' lang='lat' dir='ltr'>Theraphim</span> <span class='ocrx_word' id='word_1_268' title='bbox 1140 2418 1448 2499; x_wconf 79' lang='lat' dir='ltr'>simpliciter</span> <span class='ocrx_word' id='word_1_269' title='bbox 1472 2427 1750 2502; x_wconf 75' lang='lat' dir='ltr'>imaginem</span> <span class='ocrx_word' id='word_1_270' title='bbox 1773 2440 1957 2491; x_wconf 74' lang='lat' dir='ltr'>notet,</span> <span class='ocrx_word' id='word_1_271' title='bbox 1978 2423 2062 2480; x_wconf 43' lang='lat' dir='ltr'>id*</span> 
     </span>
     <span class='ocr_line' id='line_1_30' title="bbox 92 2499 2058 2582; baseline 0.003 -28"><span class='ocrx_word' id='word_1_272' title='bbox 92 2517 203 2575; x_wconf 88' lang='lat' dir='ltr'>que</span> <span class='ocrx_word' id='word_1_273' title='bbox 238 2499 604 2558; x_wconf 86' lang='lat' dir='ltr'>indifferenter</span> <span class='ocrx_word' id='word_1_274' title='bbox 627 2541 643 2566; x_wconf 89' lang='lat'>,</span> <span class='ocrx_word' id='word_1_275' title='bbox 698 2521 874 2580; x_wconf 88' lang='lat' dir='ltr'>neque</span> <span class='ocrx_word' id='word_1_276' title='bbox 911 2503 969 2558; x_wconf 90' lang='lat' dir='ltr'>in</span> <span class='ocrx_word' id='word_1_277' title='bbox 1007 2499 1209 2558; x_wconf 89' lang='lat' dir='ltr'>bonam</span> <span class='ocrx_word' id='word_1_278' title='bbox 1233 2547 1250 2572; x_wconf 88' lang='lat'>‚</span> <span class='ocrx_word' id='word_1_279' title='bbox 1305 2524 1482 2582; x_wconf 76' lang='lat' dir='ltr'>neque</span> <span class='ocrx_word' id='word_1_280' title='bbox 1517 2504 1576 2560; x_wconf 92' lang='lat' dir='ltr'>in</span> <span class='ocrx_word' id='word_1_281' title='bbox 1613 2504 1804 2560; x_wconf 84' lang='lat' dir='ltr'>malam</span> <span class='ocrx_word' id='word_1_282' title='bbox 1838 2522 2058 2581; x_wconf 78' lang='lat' dir='ltr'>partem,</span> 
     </span>
     <span class='ocr_line' id='line_1_31' title="bbox 90 2576 2064 2660; baseline 0.004 -26"><span class='ocrx_word' id='word_1_283' title='bbox 90 2577 158 2636; x_wconf 88' lang='lat' dir='ltr'>Id</span> <span class='ocrx_word' id='word_1_284' title='bbox 199 2576 380 2641; x_wconf 88' lang='lat' dir='ltr'>saltem</span> <span class='ocrx_word' id='word_1_285' title='bbox 418 2580 604 2659; x_wconf 82' lang='lat' dir='ltr'>colligi</span> <span class='ocrx_word' id='word_1_286' title='bbox 638 2600 752 2638; x_wconf 91' lang='lat' dir='ltr'>non</span> <span class='ocrx_word' id='word_1_287' title='bbox 787 2580 964 2660; x_wconf 89' lang='lat' dir='ltr'>potest</span> <span class='ocrx_word' id='word_1_288' title='bbox 985 2592 1023 2653; x_wconf 76' lang='grc'>,’</span> <span class='ocrx_word' id='word_1_289' title='bbox 1058 2585 1116 2640; x_wconf 89' lang='lat' dir='ltr'>in</span> <span class='ocrx_word' id='word_1_290' title='bbox 1154 2582 1393 2641; x_wconf 72' lang='lat' dir='ltr'>Davidis</span> <span class='ocrx_word' id='word_1_291' title='bbox 1426 2580 1629 2642; x_wconf 84' lang='lat' dir='ltr'>familia</span> <span class='ocrx_word' id='word_1_292' title='bbox 1665 2582 1816 2641; x_wconf 72' lang='lat' dir='ltr'>fuiss&#39;e</span> <span class='ocrx_word' id='word_1_293' title='bbox 1852 2583 2064 2642; x_wconf 38' lang='lat' dir='ltr'>limulass</span> 
     </span>
     <span class='ocr_line' id='line_1_32' title="bbox 95 2660 2253 2744; baseline 0 -28"><span class='ocrx_word' id='word_1_294' title='bbox 95 2678 246 2719; x_wconf 83' lang='lat' dir='ltr'>crum</span> <span class='ocrx_word' id='word_1_295' title='bbox 280 2663 500 2744; x_wconf 85' lang='lat' dir='ltr'>aliquod</span> <span class='ocrx_word' id='word_1_296' title='bbox 534 2660 845 2738; x_wconf 81' lang='lat' dir='ltr'>religiosum</span> <span class='ocrx_word' id='word_1_297' title='bbox 867 2708 884 2734; x_wconf 84' lang='lat'>‚</span> <span class='ocrx_word' id='word_1_298' title='bbox 927 2665 1057 2721; x_wconf 93' lang='lat' dir='ltr'>Deo</span> <span class='ocrx_word' id='word_1_299' title='bbox 1084 2663 1456 2744; x_wconf 88' lang='lat' dir='ltr'>approbatum.</span> <span class='ocrx_word' id='word_1_300' title='bbox 1513 2667 1830 2744; x_wconf 85' lang='lat' dir='ltr'>Meritoque</span> <span class='ocrx_word' id='word_1_301' title='bbox 1855 2669 2066 2722; x_wconf 76' lang='lat' dir='ltr'>Rivetm</span> <span class='ocrx_word' id='word_1_302' title='bbox 2091 2697 2253 2737; x_wconf 46' lang='lat' dir='ltr'>mem,</span> 
     </span>
     <span class='ocr_line' id='line_1_33' title="bbox 91 2741 2342 2829; baseline 0.004 -34"><span class='ocrx_word' id='word_1_303' title='bbox 91 2743 467 2801; x_wconf 74' lang='lat' dir='ltr'>intolerabilem</span> <span class='ocrx_word' id='word_1_304' title='bbox 503 2742 634 2801; x_wconf 88' lang='lat' dir='ltr'>dicit</span> <span class='ocrx_word' id='word_1_305' title='bbox 657 2741 972 2801; x_wconf 68' lang='lat' dir='ltr'>Genebrardi</span> <span class='ocrx_word' id='word_1_306' title='bbox 994 2745 1313 2817; x_wconf 71' lang='lat' dir='ltr'>audaciam,</span> <span class='ocrx_word' id='word_1_307' title='bbox 1368 2768 1516 2826; x_wconf 81' lang='lat' dir='ltr'>quem</span> <span class='ocrx_word' id='word_1_308' title='bbox 1538 2769 1636 2803; x_wconf 75' lang='lat' dir='ltr'>non</span> <span class='ocrx_word' id='word_1_309' title='bbox 1652 2745 1842 2829; x_wconf 78' lang='lat' dir='ltr'>puduit</span> <span class='ocrx_word' id='word_1_310' title='bbox 1851 2745 2065 2822; x_wconf 74' lang='lat' dir='ltr'>scribere</span> <span class='ocrx_word' id='word_1_311' title='bbox 2090 2763 2188 2790; x_wconf 64' lang='lat'>0³20&lt;</span> <span class='ocrx_word' id='word_1_312' title='bbox 2199 2764 2236 2809; x_wconf 65' lang='lat'>1}</span> <span class='ocrx_word' id='word_1_313' title='bbox 2253 2761 2282 2788; x_wconf 74' lang='lat'>1·</span> <span class='ocrx_word' id='word_1_314' title='bbox 2300 2747 2342 2785; x_wconf 57' lang='lat'>²⁷³¹</span> 
     </span>
     <span class='ocr_line' id='line_1_34' title="bbox 93 2807 2230 2903; baseline 0.003 -26"><span class='ocrx_word' id='word_1_315' title='bbox 93 2826 153 2877; x_wconf 80' lang='lat' dir='ltr'>in</span> <span class='ocrx_word' id='word_1_316' title='bbox 189 2823 268 2881; x_wconf 88' lang='lat' dir='ltr'>Ps.</span> <span class='ocrx_word' id='word_1_317' title='bbox 306 2844 506 2886; x_wconf 85' lang='lat' dir='ltr'><strong>LXXXI</strong></span> <span class='ocrx_word' id='word_1_318' title='bbox 527 2845 547 2879; x_wconf 89' lang='lat'>1</span> <span class='ocrx_word' id='word_1_319' title='bbox 562 2870 572 2880; x_wconf 87' lang='lat'><em>.</em></span> <span class='ocrx_word' id='word_1_320' title='bbox 587 2822 816 2900; x_wconf 67' lang='lat' dir='ltr'>statuam</span> <span class='ocrx_word' id='word_1_321' title='bbox 838 2824 1341 2903; x_wconf 66' lang='lat' dir='ltr'>hancfuffifhcram</span> <span class='ocrx_word' id='word_1_322' title='bbox 1365 2872 1380 2898; x_wconf 90' lang='lat'>‚</span> <span class='ocrx_word' id='word_1_323' title='bbox 1440 2843 1518 2887; x_wconf 54' lang='lat' dir='ltr'>v·</span> <span class='ocrx_word' id='word_1_324' title='bbox 1547 2830 1676 2884; x_wconf 69' lang='lat' dir='ltr'>tales</span> <span class='ocrx_word' id='word_1_325' title='bbox 1701 2826 1862 2902; x_wconf 74' lang='lat' dir='ltr'>infim</span> <span class='ocrx_word' id='word_1_326' title='bbox 1886 2826 2031 2883; x_wconf 85' lang='lat' dir='ltr'>domo</span> <span class='ocrx_word' id='word_1_327' title='bbox 2048 2872 2063 2897; x_wconf 87' lang='lat'>,</span> <span class='ocrx_word' id='word_1_328' title='bbox 2091 2807 2230 2843; x_wconf 69' lang='lat' dir='ltr'>Genel.</span> 
     </span>
     <span class='ocr_line' id='line_1_35' title="bbox 90 2905 2064 2987; baseline 0.003 -27"><span class='ocrx_word' id='word_1_329' title='bbox 90 2907 232 2984; x_wconf 68' lang='lat' dir='ltr'>quasi</span> <span class='ocrx_word' id='word_1_330' title='bbox 255 2908 414 2964; x_wconf 88' lang='lat' dir='ltr'>Lares</span> <span class='ocrx_word' id='word_1_331' title='bbox 441 2920 519 2965; x_wconf 53' lang='grc' dir='ltr'>(φ</span> <span class='ocrx_word' id='word_1_332' title='bbox 545 2912 795 2974; x_wconf 73' lang='lat' dir='ltr'>Penate3‚</span> <span class='ocrx_word' id='word_1_333' title='bbox 837 2905 1109 2963; x_wconf 73' lang='lat' dir='ltr'>Davidem</span> <span class='ocrx_word' id='word_1_334' title='bbox 1131 2907 1356 2984; x_wconf 62' lang='lat' dir='ltr'>hsszbuiffe.</span> <span class='ocrx_word' id='word_1_335' title='bbox 1401 2913 1595 2987; x_wconf 82' lang='lat' dir='ltr'>Longe</span> <span class='ocrx_word' id='word_1_336' title='bbox 1620 2908 1770 2963; x_wconf 91' lang='lat' dir='ltr'>aliter</span> <span class='ocrx_word' id='word_1_337' title='bbox 1794 2911 1848 2963; x_wconf 87' lang='lat'>&amp;</span> <span class='ocrx_word' id='word_1_338' title='bbox 1870 2909 2064 2965; x_wconf 61' lang='lat' dir='ltr'>rectius</span> 
     </span>
     <span class='ocr_line' id='line_1_36' title="bbox 93 2984 2341 3069; baseline 0.003 -29"><span class='ocrx_word' id='word_1_339' title='bbox 93 2984 311 3043; x_wconf 72' lang='lat' dir='ltr'>Ribera:</span> <span class='ocrx_word' id='word_1_340' title='bbox 338 2992 517 3068; x_wconf 76' lang='lat' dir='ltr'>Qam</span> <span class='ocrx_word' id='word_1_341' title='bbox 528 2988 758 3066; x_wconf 73' lang='lat' dir='ltr'>statuam</span> <span class='ocrx_word' id='word_1_342' title='bbox 775 2984 974 3068; x_wconf 70' lang='lat' dir='ltr'>posuit?</span> <span class='ocrx_word' id='word_1_343' title='bbox 1023 2993 1164 3044; x_wconf 81' lang='lat' dir='ltr'>Certe</span> <span class='ocrx_word' id='word_1_344' title='bbox 1185 3011 1286 3045; x_wconf 81' lang='lat' dir='ltr'>non</span> <span class='ocrx_word' id='word_1_345' title='bbox 1310 2989 1442 3048; x_wconf 86' lang='lat' dir='ltr'>idoli</span> <span class='ocrx_word' id='word_1_346' title='bbox 1468 2993 1721 3069; x_wconf 79' lang='lat' dir='ltr'>alicujus:</span> <span class='ocrx_word' id='word_1_347' title='bbox 1751 3011 1906 3067; x_wconf 77' lang='lat' dir='ltr'>neque</span> <span class='ocrx_word' id='word_1_348' title='bbox 1929 2995 2064 3046; x_wconf 77' lang='lat' dir='ltr'>em&#39;m</span> <span class='ocrx_word' id='word_1_349' title='bbox 2092 2999 2136 3034; x_wconf 70' lang='lat'>1¹1</span> <span class='ocrx_word' id='word_1_350' title='bbox 2149 2993 2266 3069; x_wconf 36' lang='lat'>5302}</span> <span class='ocrx_word' id='word_1_351' title='bbox 2300 3056 2312 3069; x_wconf 62' lang='lat'>‚</span> <span class='ocrx_word' id='word_1_352' title='bbox 2332 3047 2341 3056; x_wconf 32' lang='grc' dir='ltr'>Γ,</span> 
     </span>
     <span class='ocr_line' id='line_1_37' title="bbox 91 3057 2327 3153; baseline 0.002 -31"><span class='ocrx_word' id='word_1_353' title='bbox 91 3064 236 3127; x_wconf 64' lang='lat' dir='ltr'>idola</span> <span class='ocrx_word' id='word_1_354' title='bbox 258 3087 409 3128; x_wconf 76' lang='lat' dir='ltr'>eram-</span> <span class='ocrx_word' id='word_1_355' title='bbox 429 3075 483 3129; x_wconf 79' lang='lat' dir='ltr'>in</span> <span class='ocrx_word' id='word_1_356' title='bbox 509 3068 654 3127; x_wconf 71' lang='lat' dir='ltr'>domo</span> <span class='ocrx_word' id='word_1_357' title='bbox 680 3067 928 3128; x_wconf 63' lang='lat' dir='ltr'>Davidbs.</span> <span class='ocrx_word' id='word_1_358' title='bbox 956 3066 1055 3127; x_wconf 79' lang='lat' dir='ltr'>Sed</span> <span class='ocrx_word' id='word_1_359' title='bbox 1080 3073 1404 3131; x_wconf 77' lang='lat' dir='ltr'>necalterim</span> <span class='ocrx_word' id='word_1_360' title='bbox 1429 3069 1569 3130; x_wconf 79' lang='lat' dir='ltr'>modi</span> <span class='ocrx_word' id='word_1_361' title='bbox 1580 3069 1754 3150; x_wconf 76' lang='lat' dir='ltr'>statuae</span> <span class='ocrx_word' id='word_1_362' title='bbox 1777 3073 1916 3147; x_wconf 72' lang='lat' dir='ltr'>effi’nt</span> <span class='ocrx_word' id='word_1_363' title='bbox 1929 3070 2068 3153; x_wconf 68' lang='lat' dir='ltr'>apud</span> <span class='ocrx_word' id='word_1_364' title='bbox 2095 3061 2187 3141; x_wconf 56' lang='grc' dir='ltr'>ζζζ</span> <span class='ocrx_word' id='word_1_365' title='bbox 2206 3057 2327 3086; x_wconf 50' lang='lat'>“¹⁴³⁶</span> 
     </span>
    </p>

    <p class='ocr_par' dir='ltr' id='par_1_6' title="bbox 1085 3151 2075 3228">
     <span class='ocr_line' id='line_1_38' title="bbox 1085 3151 2075 3228; baseline 0.003 -22"><span class='ocrx_word' id='word_1_366' title='bbox 1085 3151 1117 3206; x_wconf 88' lang='lat' dir='ltr'>S</span> <span class='ocrx_word' id='word_1_367' title='bbox 1166 3171 1191 3228; x_wconf 78' lang='lat'><em>3</em></span> <span class='ocrx_word' id='word_1_368' title='bbox 1891 3154 2075 3209; x_wconf 69' lang='lat' dir='ltr'>Davi·</span> 
     </span>
    </p>
   </div>
  </div>
 </body>
</html>
