2539 3612
158 225 163 230 .
456 225 459 227 ,
712 154 760 213 L
802 172 825 213 1
866 153 918 211 B'.
959 150 1083 221 111.
1175 144 1227 204 C
1268 144 1313 224 ἈΔ
1357 164 1407 204 Ρ.
1465 148 1540 202 V'.
2000 167 2108 210 221

130 266 201 323 eo
226 265 450 324 nomine
476 259 724 320 Noachus
749 257 1091 338 significetur.
1178 252 1468 309 Nimirum
1490 267 1659 328 quum
1683 244 1864 323 prirnae
1888 265 2112 325 genera-

118 334 296 405 ⁸'tionis
331 346 576 403 homines
615 337 993 399 contumeliosi
1032 332 1324 392 admodum
1361 328 1567 389 nefaria
1588 344 1952 406 perpetrarent
1975 348 2112 406 ope*

123 444 180 483 ra
207 471 224 498 ,
269 449 335 484 ne
378 447 443 482 ue
465 431 543 498 jus
566 420 848 497 jurandum
872 416 1211 475 observantes
1236 457 1252 482 ,
1297 433 1477 492 neque
1499 408 1735 489 hospites
1759 409 2108 485 recipienteS‚

124 528 301 586 neque
338 449 393 562 iit
432 506 634 584 plicum
668 501 775 564 ulla
809 499 934 556 tasti
967 493 1367 554 misericordia:
1411 489 1484 549 ob
1523 513 1640 548 eam
1662 511 1778 546 rem
1802 486 2108 548 incredibili

121 588 358 643 rnulfiati
385 527 504 642 Hmt
526 583 835 641 calamitate.
921 581 1112 636 Statim
1136 577 1286 635 enim
1307 578 1361 630 &
1385 573 1538 630 tellus
1564 573 1788 628 multam
1810 590 2000 649 aquam
2024 568 2107 626 ef·-

118 663 262 724 fudit
285 711 301 737 ,
346 671 402 722 &
428 664 622 722 imbres
638 669 734 720 ¹ma
776 665 833 720 ni
863 658 1084 719 fuerunt
1107 704 1122 729 ,
1168 663 1223 714 &
1250 654 1475 712 flumina
1501 650 1668 708 solito·
1691 656 1888 725 majora
1913 650 2104 707 decur-

118 754 330 816 rerunt,
357 751 411 803 &
435 767 576 803 mare
603 766 669 801 eo
695 684 862 823 tfque
888 740 1119 799 ascendit
1143 738 1273 796 dum
1296 736 1482 792 omnia
1506 733 1656 812 aquis
1682 731 2098 804 inundarentur,

113 843 274 905 atque
310 848 499 884 omnes
533 827 786 904 perirent.
872 823 1164 879 Deucalion
1200 836 1378 875 autem
1411 814 1549 871 solus
1571 812 1859 870 hominum
1884 813 2096 873 relictus

111 904 246 977 fuit,
290 909 348 964 in
371 905 652 965 secundam
674 904 926 963 videlicet
947 901 1382 983 generationem,
1407 894 1701 975 prudentiae
1725 892 1878 950 simul
1898 899 1954 949 δε
1975 895 2095 971 Ρίε--Δ

111 989 232 1044 tatis
256 989 438 1067 gratia.
492 991 734 1046 Servatus
759 1003 938 1043 autem
962 981 1068 1042 fuit
1089 980 1194 1039 hoc
1220 981 1375 1059 paeto
1404 1002 1415 1034 :
1462 980 1671 1034 Arcam
1695 973 1959 1054 quandam
1981 996 2110 1031 ma·-v

113 1086 278 1147 gnam
301 1091 462 1148 quam
489 1066 597 1149 ipse
621 1065 879 1136 habebat,
925 1060 1186 1144 impositis
1212 1065 1270 1119 in
1295 1082 1412 1118 eam
1439 1062 1495 1113 &
1519 1054 1694 1113 liberis
1719 1061 1774 1112 &
1798 1076 1952 1111 uxore
1976 1051 2093 1126 sua,

115 1148 445 1207 conscendit.
533 1150 804 1205 Caeterum
838 1167 1009 1226 quum
1031 1143 1140 1224 ipse
1166 1141 1574 1223 ingrederetur,
1616 1154 1881 1193 venerunt
1904 1136 2109 1194 eodem.

115 1232 173 1284 &
201 1235 345 1313 apri,
387 1234 443 1286 δε
466 1234 608 1309 equi,
654 1232 931 1285 &leonum
955 1246 1179 1306 genera,
1223 1230 1277 1281 δε
1291 1223 1571 1302 ftrpentes‚
1615 1217 1821 1296 aliaque
1848 1234 2114 1295 quaecun*

109 1307 223 1386 >que
247 1313 421 1365 tellure
443 1307 754 1386 pascuntur,
797 1307 920 1365 bina
945 1329 1008 1364 ex
1032 1324 1373 1385 unoquoque
1397 1319 1593 1380 genere
1620 1298 1823 1353 cuneffa.
1893 1298 1984 1353 Ille
2010 1320 2109 1354 au*-

105 1395 226 1466 'tem
249 1391 450 1466 recepit
477 1388 541 1445 ad
563 1386 613 1444 se
639 1389 839 1444 omnia.
872 1392 1061 1465 Atque
1088 1407 1148 1441 ea
1171 1383 1344 1462 ipfiim
1366 1379 1497 1438 haut
1520 1399 1786 1459 quaquam
1813 1376 2102 1450 laedebant‚

116 1466 206 1526 sed
228 1489 421 1548 magna
448 1470 589 1526 inter
615 1487 707 1524 eos
730 1511 746 1537 ,
790 1466 937 1546 Jove
962 1467 1036 1521 ita
1061 1461 1390 1541 dispensante
1410 1504 1426 1530 ,
1471 1458 1761 1516 concordia
1784 1475 1927 1529 erat,
1969 1479 2106 1516 una-

114 1570 220 1629 que
245 1551 303 1607 in
329 1558 443 1607 arca
466 1570 663 1607 omnes
681 1545 1006 1627 navigabant
1030 1542 1287 1625 quamdiu
1311 1561 1447 1620 aqua
1472 1536 1762 1617 superabat.
1831 1540 1965 1594 Haec
1991 1538 2115 1596 fere¹

111 1629 443 1688 adverbum
479 1636 756 1687 Luciasms.
845 1628 986 1707 Qis
1020 1644 1200 1684 autem
1221 1641 1331 1684 tam
1357 1618 1529 1679 obesae
1558 1620 1696 1676 naris
1724 1616 1797 1674 est
1822 1661 1838 1687 ,
1883 1636 1943 1674 ut
1967 1623 2104 1674 Mo-

99 1708 304 1786 stu'cam
327 1711 539 1767 Noa‘chi
559 1709 837 1767 historiam
857 1706 946 1765 hic
971 1704 1324 1765 nonolfaciat
1338 1708 1365 1760 ἔ
1718 1722 1722 1724 ’

199 1795 271 1847 11.
318 1791 420 1847 Sed
456 1796 509 1847 &
550 1792 713 1846 alium
747 1788 1050 1845 sermonem
1084 1786 1211 1843 ferri
1246 1784 1406 1843 tradit
1441 1780 1504 1840 ab
1536 1782 1599 1840 iis
1625 1781 1726 1862 qui
1746 1777 1937 1840 {acram
1967 1780 2102 1841 civi-⁴

117 1878 283 1928 tatem
309 1872 582 1940 incolunt,
628 1868 777 1950 quod
801 1871 859 1926 in
885 1865 1123 1946 ipsorum
1145 1865 1395 1944 videlicet
1419 1882 1555 1921 terra
1576 1862 1749 1920 hiatus
1777 1863 1998 1943 quidam
2021 1863 2116 1923 fa«

117 1952 242 2009 &tus
259 1951 448 2020 fuerit,
493 1972 550 2008 ac
575 1969 746 2007 totam
770 1951 914 2006 illam
940 1969 1131 2027 aquam
1154 1944 1503 2004 absorbuerit.
1569 1947 1864 2001 Deucalion
1889 1963 2098 2016 autem,

115 2030 214 2088 ubi
248 2032 359 2089 haec‘
392 2033 465 2088 ita
498 2029 632 2089 facia
666 2027 787 2088 sunt
809 2073 824 2099 ‚
869 2034 925 2086 δε
958 2049 1070 2085 arm·
1106 2027 1360 2107 constituit
1382 2069 1399 2096 ,
1443 2031 1498 2082 δε
1531 2023 1897 2101 aedemstzcram
1920 2031 2099 2084 erexit.

96 2113 349 2170 'Hiatum
383 2113 616 2191 aliquem
650 2108 744 2169 sub
781 2108 889 2168 aede
925 2106 1019 2165 ista
1041 2153 1057 2179 ,
1111 2108 1200 2167 sed
1233 2106 1524 2167 admodum
1563 2106 1819 2184 exiguum
1842 2149 1858 2174 ‚
1912 2103 2007 2163 suo
2047 2106 2098 2164 se

116 2209 361 2272 tempore
390 2193 571 2250 vidisse
598 2190 812 2249 testatur
836 2195 1096 2249 Lucianm
1120 2232 1137 2260 ,
1181 2189 1363 2268 qui'an
1392 2192 1560 2262 major
1582 2187 1877 2264 antiquitus
1901 2184 2096 2257 fuerit,

115 2273 175 2330 id
200 2273 250 2329 se
275 2275 552 2331 enimvero
577 2271 789 2330 nescire.
847 2275 1074 2352 Signum
1099 2287 1285 2327 autem
1304 2265 1709 2348 quo‘indigenae
1739 2264 2097 2323 fidemhisto-

116 2354 204 2410 riae
242 2351 366 2410 huic
402 2351 606 2410 faciunt
627 2394 644 2421 ,
685 2351 789 2411 hoc
814 2351 904 2411 est.
990 2354 1081 2410 Bis
1103 2368 1440 2429 unoquoque
1464 2366 1609 2404 anno
1633 2365 1698 2401 ex
1722 2348 1855 2401 mari
1877 2367 2011 2425 aqua
2036 2348 2095 2405 in

116 2433 285 2492 aedem
317 2432 580 2491 defertur-
649 2436 847 2492 Ferunt
881 2452 1063 2492 autern
1093 2433 1237 2489 illam
1272 2451 1388 2487 non
1422 2424 1712 2487 sacerdotes
1739 2424 1907 2483 modo
1937 2470 1955 2496 ,
2006 2425 2095 2486 sed

113 2527 232 2572 tota
263 2520 410 2595 Syria
435 2558 450 2584 ,
495 2520 551 2571 δε
577 2507 788 2573 Arabia
810 2559 826 2586 ,
869 2521 926 2573 δε·
950 2516 1046 2595 qui
1067 2530 1215 2571 trans
1230 2510 1542 2594 Euphratem
1564 2507 1848 2576 incolunt,
1891 2528 1949 2564 ac
1974 2509 2088 2587 pri-

87 2613 212 2672 *mo
249 2595 470 2675 quidem
504 2617 692 2674 aquam
729 2617 758 2653 e
791 2599 923 2653 mari
960 2597 1183 2654 delatam
1221 2595 1278 2650 in
1317 2591 1423 2649 aede
1461 2587 1745 2647 effundunt
1770 2632 1785 2656 ‚
1829 2608 1946 2667 quae
1981 2609 2088 2666 po·-

86 2741 88 2744 y
115 2670 222 2732 stea
265 2679 324 2734 in
347 2674 552 2733 hiatum
574 2674 774 2734 defluit.
837 2677 1164 2756 Recipitque
1189 2675 1330 2731 lacus
1352 2673 1441 2728 ille
1467 2671 1708 2751 quamvis
1732 2670 1957 2748 exiguus
1981 2671 2087 2727 im·-

85 2818 89 2821 ·
115 2753 353 2815 mensam
384 2759 496 2815 vim
531 2778 692 2836 aquae.
775 2758 915 2815 Non
947 2757 1022 2815 est
1056 2775 1204 2814 nunc
1238 2752 1480 2812 nostrum
1512 2750 1839 2808 narrationes
1874 2746 1991 2805 istas
2018 2749 2093 2808 adr

112 2838 349 2894 Veritatis
372 2841 628 2896 trutinam
651 2859 774 2895 cum
796 2859 917 2896 cura
938 2838 1252 2917 expendere.
1297 2834 1520 2913 ,Neque
1545 2831 1694 2888 enim
1718 2828 1774 2886 id
1797 2849 1942 2885 nunc
1966 2832 2098 2908 agi—-

111 2930 215 2991 tur.
303 2918 365 2976 Id
386 2941 557 2977 unum
579 2918 714 2975 mihi
736 2917 886 2976 sumo
912 2962 928 2987 ,
982 2918 1131 2997 quod
1154 2917 1250 2998 qui
1274 2919 1348 2974 ita
1371 2930 1580 2972 narrant
1601 2911 1796 2992 Asffln'i
1816 2907 1953 2966 nihil
1977 2915 2082 2969 mi-

81 3075 86 3080 ·
111 3016 213 3067 nus
238 2999 479 3071 credant,
523 3020 683 3080 quam
711 3004 1002 3086 eAEgyptios
1022 2999 1226 3075 primos
1251 2995 1349 3055 effe
1374 2992 1710 3061 mortalium,
1727 2992 1823 3069 qui
1846 2994 1900 3046 ὃ(
1923 2992 2084 3049 Deo-

112 3097 234 3139 rum
256 3083 511 3140 notitiam
534 3083 897 3161 perceperint,
941 3084 995 3137 &
1020 3079 1216 3158 templa
1238 3075 1628 3135 constituerint.
1716 3075 1915 3151 Atque.
1932 3074 2081 3130 ineo

1176 3159 1265 3215 Ee
1315 3178 1343 3235 3-
1944 3171 2101 3211 certe:
