<?xml version="1.0" encoding="UTF-8"?>
<!DOCTYPE html PUBLIC "-//W3C//DTD XHTML 1.0 Transitional//EN"
    "http://www.w3.org/TR/xhtml1/DTD/xhtml1-transitional.dtd">
<html xmlns="http://www.w3.org/1999/xhtml" xml:lang="en" lang="en">
 <head>
  <title>
</title>
<meta http-equiv="Content-Type" content="text/html;charset=utf-8" />
  <meta name='ocr-system' content='tesseract 3.04.00' />
  <meta name='ocr-capabilities' content='ocr_page ocr_carea ocr_par ocr_line ocrx_word'/>
</head>
<body>
  <div class='ocr_page' id='page_1' title='image "./hermanniwitsiiae00wits_0153.png"; bbox 0 0 2539 3612; ppageno 0'>
   <div class='ocr_carea' id='block_1_1' title="bbox 689 191 2108 272">
    <p class='ocr_par' dir='ltr' id='par_1_1' title="bbox 689 191 2108 272">
     <span class='ocr_line' id='line_1_1' title="bbox 689 191 2108 272; baseline 0.006 -26"><span class='ocrx_word' id='word_1_1' title='bbox 689 191 1497 253; x_wconf 73' lang='lat' dir='ltr'>L1B.11.CA1›.X.</span> <span class='ocrx_word' id='word_1_2' title='bbox 2002 216 2108 272; x_wconf 82' lang='lat'><strong>129</strong></span> 
     </span>
    </p>
   </div>
   <div class='ocr_carea' id='block_1_2' title="bbox 127 287 2123 1256">
    <p class='ocr_par' dir='ltr' id='par_1_2' title="bbox 127 287 2123 1256">
     <span class='ocr_line' id='line_1_2' title="bbox 132 287 2113 374; baseline 0.001 -22"><span class='ocrx_word' id='word_1_3' title='bbox 132 314 190 352; x_wconf 82' lang='lat' dir='ltr'><strong>ac</strong></span> <span class='ocrx_word' id='word_1_4' title='bbox 210 287 577 351; x_wconf 80' lang='lat' dir='ltr'><strong>&#39;formaefuisse</strong></span> <span class='ocrx_word' id='word_1_5' title='bbox 602 331 618 356; x_wconf 91' lang='lat'>‚</span> <span class='ocrx_word' id='word_1_6' title='bbox 663 305 822 366; x_wconf 85' lang='lat' dir='ltr'><strong>atque</strong></span> <span class='ocrx_word' id='word_1_7' title='bbox 845 288 1190 372; x_wconf 73' lang='lat' dir='ltr'><strong>Theraphim3</strong></span> <span class='ocrx_word' id='word_1_8' title='bbox 1234 311 1294 350; x_wconf 87' lang='lat' dir='ltr'><strong>ut</strong></span> <span class='ocrx_word' id='word_1_9' title='bbox 1319 297 1373 348; x_wconf 72' lang='grc' dir='ltr'><strong>δε</strong></span> <span class='ocrx_word' id='word_1_10' title='bbox 1400 289 1477 351; x_wconf 91' lang='lat' dir='ltr'><strong>sui</strong></span> <span class='ocrx_word' id='word_1_11' title='bbox 1502 296 1705 361; x_wconf 82' lang='lat' dir='ltr'><strong>oraculi</strong></span> <span class='ocrx_word' id='word_1_12' title='bbox 1731 294 2113 374; x_wconf 77' lang='lat' dir='ltr'><strong>praestantiam,</strong></span> 
     </span>
     <span class='ocr_line' id='line_1_3' title="bbox 129 369 2114 453; baseline 0.002 -23"><span class='ocrx_word' id='word_1_13' title='bbox 129 396 233 453; x_wconf 80' lang='lat' dir='ltr'><strong>prae</strong></span> <span class='ocrx_word' id='word_1_14' title='bbox 261 376 362 431; x_wconf 84' lang='lat' dir='ltr'><strong>illis</strong></span> <span class='ocrx_word' id='word_1_15' title='bbox 386 370 704 451; x_wconf 72' lang='lat' dir='ltr'><strong>gentilium,</strong></span> <span class='ocrx_word' id='word_1_16' title='bbox 751 387 902 426; x_wconf 83' lang='lat' dir='ltr'><strong>tanto</strong></span> <span class='ocrx_word' id='word_1_17' title='bbox 933 369 1182 429; x_wconf 84' lang='lat' dir='ltr'><strong>illustrius</strong></span> <span class='ocrx_word' id='word_1_18' title='bbox 1209 372 1535 452; x_wconf 57' lang='lat' dir='ltr'><strong>perspectam</strong></span> <span class='ocrx_word' id='word_1_19' title='bbox 1557 375 1818 434; x_wconf 84' lang='lat' dir='ltr'><strong>haberent</strong></span> <span class='ocrx_word' id='word_1_20' title='bbox 1843 376 2114 447; x_wconf 72' lang='lat' dir='ltr'><strong>Israelitae3</strong></span> 
     </span>
     <span class='ocr_line' id='line_1_4' title="bbox 133 447 2119 532; baseline 0.001 -20"><span class='ocrx_word' id='word_1_21' title='bbox 133 456 380 532; x_wconf 84' lang='lat' dir='ltr'><strong>nullaque</strong></span> <span class='ocrx_word' id='word_1_22' title='bbox 420 453 482 505; x_wconf 83' lang='lat' dir='ltr'><strong>iis</strong></span> <span class='ocrx_word' id='word_1_23' title='bbox 515 447 807 505; x_wconf 69' lang='lat' dir='ltr'>occasionis</span> <span class='ocrx_word' id='word_1_24' title='bbox 849 452 935 506; x_wconf 78' lang='lat' dir='ltr'><strong>vel</strong></span> <span class='ocrx_word' id='word_1_25' title='bbox 961 449 1155 528; x_wconf 84' lang='lat' dir='ltr'><strong>species</strong></span> <span class='ocrx_word' id='word_1_26' title='bbox 1182 454 1392 510; x_wconf 82' lang='lat' dir='ltr'><strong>daretur</strong></span> <span class='ocrx_word' id='word_1_27' title='bbox 1416 456 1479 512; x_wconf 82' lang='lat' dir='ltr'><strong>ad</strong></span> <span class='ocrx_word' id='word_1_28' title='bbox 1502 456 1815 514; x_wconf 81' lang='lat' dir='ltr'><strong>Diabolicas</strong></span> <span class='ocrx_word' id='word_1_29' title='bbox 1844 456 1960 514; x_wconf 83' lang='lat' dir='ltr'><strong>istas</strong></span> <span class='ocrx_word' id='word_1_30' title='bbox 1986 476 2119 515; x_wconf 85' lang='lat' dir='ltr'><strong>artes</strong></span> 
     </span>
     <span class='ocr_line' id='line_1_5' title="bbox 135 528 2123 612; baseline 0.002 -20"><span class='ocrx_word' id='word_1_31' title='bbox 135 529 460 597; x_wconf 83' lang='lat' dir='ltr'><strong>declinandi,</strong></span> <span class='ocrx_word' id='word_1_32' title='bbox 477 534 531 585; x_wconf 87' lang='lat'>&amp;</span> <span class='ocrx_word' id='word_1_33' title='bbox 562 551 589 585; x_wconf 87' lang='lat' dir='ltr'><strong>a</strong></span> <span class='ocrx_word' id='word_1_34' title='bbox 612 531 742 585; x_wconf 87' lang='lat' dir='ltr'><strong>Deo</strong></span> <span class='ocrx_word' id='word_1_35' title='bbox 765 528 819 586; x_wconf 70' lang='lat' dir='ltr'><strong>⁴se</strong></span> <span class='ocrx_word' id='word_1_36' title='bbox 846 532 1136 590; x_wconf 86' lang='lat' dir='ltr'><strong>avertendi.</strong></span> <span class='ocrx_word' id='word_1_37' title='bbox 1178 540 1435 612; x_wconf 81' lang='lat' dir='ltr'><strong>Qorum</strong></span> <span class='ocrx_word' id='word_1_38' title='bbox 1461 557 1712 594; x_wconf 87' lang='lat' dir='ltr'><strong>neutrum</strong></span> <span class='ocrx_word' id='word_1_39' title='bbox 1739 557 1846 595; x_wconf 83' lang='lat' dir='ltr'><strong>tam</strong></span> <span class='ocrx_word' id='word_1_40' title='bbox 1872 560 2123 595; x_wconf 85' lang='lat' dir='ltr'><strong>commo-</strong></span> 
     </span>
     <span class='ocr_line' id='line_1_6' title="bbox 133 608 2121 697; baseline 0.003 -26"><span class='ocrx_word' id='word_1_41' title='bbox 133 615 198 672; x_wconf 90' lang='lat' dir='ltr'><strong>de</strong></span> <span class='ocrx_word' id='word_1_42' title='bbox 222 612 338 669; x_wconf 87' lang='lat' dir='ltr'><strong>fieri</strong></span> <span class='ocrx_word' id='word_1_43' title='bbox 362 608 616 689; x_wconf 79' lang='lat' dir='ltr'><strong>potuiffet</strong></span> <span class='ocrx_word' id='word_1_44' title='bbox 640 608 677 665; x_wconf 86' lang='lat' dir='ltr'>fi</span> <span class='ocrx_word' id='word_1_45' title='bbox 702 631 801 687; x_wconf 84' lang='lat' dir='ltr'><strong>pro</strong></span> <span class='ocrx_word' id='word_1_46' title='bbox 828 614 1066 691; x_wconf 73' lang='lat' dir='ltr'>antiquis</span> <span class='ocrx_word' id='word_1_47' title='bbox 1091 613 1407 697; x_wconf 72' lang='lat' dir='ltr'><strong>Theraphim</strong></span> <span class='ocrx_word' id='word_1_48' title='bbox 1431 637 1671 675; x_wconf 79' lang='lat' dir='ltr'><strong>recentes</strong></span> <span class='ocrx_word' id='word_1_49' title='bbox 1697 620 1760 675; x_wconf 85' lang='lat' dir='ltr'><strong>iis</strong></span> <span class='ocrx_word' id='word_1_50' title='bbox 1786 617 2089 676; x_wconf 78' lang='lat' dir='ltr'><strong>reddidisset</strong></span> <span class='ocrx_word' id='word_1_51' title='bbox 2105 664 2121 690; x_wconf 82' lang='lat'><strong>,</strong></span> 
     </span>
     <span class='ocr_line' id='line_1_7' title="bbox 130 691 2123 779; baseline 0.005 -32"><span class='ocrx_word' id='word_1_52' title='bbox 130 691 342 774; x_wconf 62' lang='lat' dir='ltr'><strong>ejusdem</strong></span> <span class='ocrx_word' id='word_1_53' title='bbox 365 695 589 747; x_wconf 72' lang='lat' dir='ltr'><strong>muneris</strong></span> <span class='ocrx_word' id='word_1_54' title='bbox 618 691 883 771; x_wconf 43' lang='lat' dir='ltr'><strong>Oss&#39;figurae</strong></span> <span class='ocrx_word' id='word_1_55' title='bbox 900 737 915 762; x_wconf 88' lang='lat'>‚</span> <span class='ocrx_word' id='word_1_56' title='bbox 948 692 1040 768; x_wconf 58' lang='grc' dir='ltr'><strong>βψ</strong></span> <span class='ocrx_word' id='word_1_57' title='bbox 1064 701 1265 751; x_wconf 76' lang='lat' dir='ltr'><strong>nomine</strong></span> <span class='ocrx_word' id='word_1_58' title='bbox 1289 695 1547 754; x_wconf 64' lang='lat' dir='ltr'><strong>duntax&#39;at</strong></span> <span class='ocrx_word' id='word_1_59' title='bbox 1572 697 1784 774; x_wconf 70' lang='lat' dir='ltr'><strong>diverfi).</strong></span> <span class='ocrx_word' id='word_1_60' title='bbox 1850 700 1979 756; x_wconf 87' lang='lat' dir='ltr'><strong>Nec</strong></span> <span class='ocrx_word' id='word_1_61' title='bbox 2005 699 2123 779; x_wconf 86' lang='lat' dir='ltr'><strong>spe-</strong></span> 
     </span>
     <span class='ocr_line' id='line_1_8' title="bbox 128 767 2120 859; baseline 0.004 -29"><span class='ocrx_word' id='word_1_62' title='bbox 128 767 352 830; x_wconf 84' lang='lat' dir='ltr'><strong>randum</strong></span> <span class='ocrx_word' id='word_1_63' title='bbox 391 768 526 842; x_wconf 81' lang='lat' dir='ltr'><strong>fuit,</strong></span> <span class='ocrx_word' id='word_1_64' title='bbox 562 789 623 828; x_wconf 86' lang='lat' dir='ltr'><strong>ut</strong></span> <span class='ocrx_word' id='word_1_65' title='bbox 658 775 945 848; x_wconf 84' lang='lat' dir='ltr'><strong>pervicacis</strong></span> <span class='ocrx_word' id='word_1_66' title='bbox 974 775 1182 854; x_wconf 83' lang='lat' dir='ltr'><strong>ingenii</strong></span> <span class='ocrx_word' id='word_1_67' title='bbox 1207 779 1469 856; x_wconf 87' lang='lat' dir='ltr'><strong>populus,</strong></span> <span class='ocrx_word' id='word_1_68' title='bbox 1509 782 1604 858; x_wconf 86' lang='lat' dir='ltr'><strong>qui</strong></span> <span class='ocrx_word' id='word_1_69' title='bbox 1629 781 1808 859; x_wconf 85' lang='lat' dir='ltr'><strong>paullo</strong></span> <span class='ocrx_word' id='word_1_70' title='bbox 1834 800 2120 839; x_wconf 88' lang='lat' dir='ltr'><strong>momento</strong></span> 
     </span>
     <span class='ocr_line' id='line_1_9' title="bbox 129 851 2121 935; baseline 0.005 -25"><span class='ocrx_word' id='word_1_71' title='bbox 129 853 194 912; x_wconf 82' lang='lat' dir='ltr'><strong>ad</strong></span> <span class='ocrx_word' id='word_1_72' title='bbox 218 853 573 911; x_wconf 81' lang='lat' dir='ltr'><strong>idololatricas</strong></span> <span class='ocrx_word' id='word_1_73' title='bbox 597 851 997 931; x_wconf 86' lang='lat' dir='ltr'><strong>superstitiones</strong></span> <span class='ocrx_word' id='word_1_74' title='bbox 1024 857 1651 935; x_wconf 82' lang='lat' dir='ltr'><strong>impellebatur‚facilius</strong></span> <span class='ocrx_word' id='word_1_75' title='bbox 1675 858 1739 917; x_wconf 87' lang='lat' dir='ltr'><strong>ab</strong></span> <span class='ocrx_word' id='word_1_76' title='bbox 1767 863 1830 917; x_wconf 86' lang='lat' dir='ltr'><strong>iis</strong></span> <span class='ocrx_word' id='word_1_77' title='bbox 1855 881 2121 920; x_wconf 80' lang='lat' dir='ltr'><strong>arceretur</strong></span> 
     </span>
     <span class='ocr_line' id='line_1_10' title="bbox 127 933 2122 1022; baseline 0.005 -31"><span class='ocrx_word' id='word_1_78' title='bbox 127 935 351 991; x_wconf 87' lang='lat' dir='ltr'><strong>retentis</strong></span> <span class='ocrx_word' id='word_1_79' title='bbox 390 936 582 991; x_wconf 76' lang='lat' dir='ltr'><strong>veteris</strong></span> <span class='ocrx_word' id='word_1_80' title='bbox 608 933 922 991; x_wconf 73' lang='lat' dir='ltr'><strong>idololatriae</strong></span> <span class='ocrx_word' id='word_1_81' title='bbox 949 934 1313 996; x_wconf 83' lang='lat' dir='ltr'><strong>instrumentis</strong></span> <span class='ocrx_word' id='word_1_82' title='bbox 1340 985 1354 1009; x_wconf 83' lang='lat'>,</span> <span class='ocrx_word' id='word_1_83' title='bbox 1392 944 1665 1022; x_wconf 67' lang='lat' dir='ltr'><strong>paululum</strong></span> <span class='ocrx_word' id='word_1_84' title='bbox 1691 941 1833 997; x_wconf 81' lang='lat' dir='ltr'><strong>modo</strong></span> <span class='ocrx_word' id='word_1_85' title='bbox 1861 949 1915 998; x_wconf 80' lang='lat' dir='ltr'><strong>in</strong></span> <span class='ocrx_word' id='word_1_86' title='bbox 1942 946 2122 1000; x_wconf 66' lang='lat' dir='ltr'><strong>melius</strong></span> 
     </span>
     <span class='ocr_line' id='line_1_11' title="bbox 127 1013 2121 1103; baseline 0.005 -31"><span class='ocrx_word' id='word_1_87' title='bbox 127 1020 340 1072; x_wconf 79' lang='lat' dir='ltr'><strong>mutatis</strong></span> <span class='ocrx_word' id='word_1_88' title='bbox 363 1060 379 1086; x_wconf 87' lang='lat'>‚</span> <span class='ocrx_word' id='word_1_89' title='bbox 425 1037 586 1094; x_wconf 84' lang='lat' dir='ltr'><strong>quam</strong></span> <span class='ocrx_word' id='word_1_90' title='bbox 612 1013 648 1072; x_wconf 79' lang='lat' dir='ltr'><strong>si</strong></span> <span class='ocrx_word' id='word_1_91' title='bbox 674 1013 888 1073; x_wconf 86' lang='lat' dir='ltr'><strong>sublatis</strong></span> <span class='ocrx_word' id='word_1_92' title='bbox 914 1019 978 1074; x_wconf 86' lang='lat' dir='ltr'><strong>iis</strong></span> <span class='ocrx_word' id='word_1_93' title='bbox 1002 1018 1259 1076; x_wconf 88' lang='lat' dir='ltr'><strong>omnibus</strong></span> <span class='ocrx_word' id='word_1_94' title='bbox 1285 1065 1299 1089; x_wconf 90' lang='lat'>‚</span> <span class='ocrx_word' id='word_1_95' title='bbox 1341 1019 1638 1103; x_wconf 65' lang='lat' dir='ltr'><strong>&#39;severoque</strong></span> <span class='ocrx_word' id='word_1_96' title='bbox 1665 1022 1952 1080; x_wconf 63' lang='lat' dir='ltr'><strong>interdicto</strong></span> <span class='ocrx_word' id='word_1_97' title='bbox 1981 1026 2121 1081; x_wconf 77' lang='lat' dir='ltr'><strong>veti-</strong></span> 
     </span>
     <span class='ocr_line' id='line_1_12' title="bbox 130 1094 2122 1181; baseline 0.004 -27"><span class='ocrx_word' id='word_1_98' title='bbox 130 1099 227 1166; x_wconf 81' lang='lat' dir='ltr'><strong>tis,</strong></span> <span class='ocrx_word' id='word_1_99' title='bbox 254 1097 352 1153; x_wconf 83' lang='lat' dir='ltr'><strong>alia</strong></span> <span class='ocrx_word' id='word_1_100' title='bbox 374 1119 403 1153; x_wconf 86' lang='lat' dir='ltr'><strong>a</strong></span> <span class='ocrx_word' id='word_1_101' title='bbox 425 1099 555 1154; x_wconf 86' lang='lat' dir='ltr'><strong>Deo</strong></span> <span class='ocrx_word' id='word_1_102' title='bbox 585 1094 1056 1168; x_wconf 86' lang='lat' dir='ltr'><strong>substituerentur,</strong></span> <span class='ocrx_word' id='word_1_103' title='bbox 1090 1123 1206 1180; x_wconf 84' lang='lat' dir='ltr'><strong>quae</strong></span> <span class='ocrx_word' id='word_1_104' title='bbox 1232 1102 1318 1158; x_wconf 84' lang='lat' dir='ltr'><strong>sua</strong></span> <span class='ocrx_word' id='word_1_105' title='bbox 1341 1124 1444 1181; x_wconf 80' lang='lat' dir='ltr'><strong>prae</strong></span> <span class='ocrx_word' id='word_1_106' title='bbox 1471 1105 1573 1161; x_wconf 87' lang='lat' dir='ltr'><strong>illis</strong></span> <span class='ocrx_word' id='word_1_107' title='bbox 1599 1104 1919 1161; x_wconf 81' lang='lat' dir='ltr'><strong>omnimoda</strong></span> <span class='ocrx_word' id='word_1_108' title='bbox 1944 1106 2122 1162; x_wconf 77' lang='lat' dir='ltr'><strong>excel-</strong></span> 
     </span>
     <span class='ocr_line' id='line_1_13' title="bbox 129 1179 2120 1256; baseline 0.005 -22"><span class='ocrx_word' id='word_1_109' title='bbox 129 1179 293 1235; x_wconf 85' lang='lat' dir='ltr'><strong>lentia</strong></span> <span class='ocrx_word' id='word_1_110' title='bbox 328 1196 486 1256; x_wconf 89' lang='lat' dir='ltr'><strong>atque</strong></span> <span class='ocrx_word' id='word_1_111' title='bbox 523 1179 752 1233; x_wconf 84' lang='lat' dir='ltr'><strong>utilitate</strong></span> <span class='ocrx_word' id='word_1_112' title='bbox 779 1180 1103 1238; x_wconf 62' lang='lat' dir='ltr'><strong>cunctorum</strong></span> <span class='ocrx_word' id='word_1_113' title='bbox 1127 1185 1335 1241; x_wconf 85' lang='lat' dir='ltr'><strong>animos</strong></span> <span class='ocrx_word' id='word_1_114' title='bbox 1361 1183 1426 1241; x_wconf 84' lang='lat' dir='ltr'><strong>ad</strong></span> <span class='ocrx_word' id='word_1_115' title='bbox 1450 1183 1498 1241; x_wconf 88' lang='lat' dir='ltr'><strong>se</strong></span> <span class='ocrx_word' id='word_1_116' title='bbox 1524 1184 1758 1256; x_wconf 83' lang='lat' dir='ltr'><strong>trahere,</strong></span> <span class='ocrx_word' id='word_1_117' title='bbox 1787 1203 2120 1243; x_wconf 49' lang='lat' dir='ltr'><strong>caeterarumm</strong></span> 
     </span>
    </p>
   </div>
   <div class='ocr_carea' id='block_1_3' title="bbox 131 1256 2118 1417">
    <p class='ocr_par' dir='ltr' id='par_1_3' title="bbox 131 1256 2118 1417">
     <span class='ocr_line' id='line_1_14' title="bbox 131 1256 2118 1346; baseline 0.005 -32"><span class='ocrx_word' id='word_1_118' title='bbox 131 1279 237 1338; x_wconf 90' lang='lat' dir='ltr'><strong>que</strong></span> <span class='ocrx_word' id='word_1_119' title='bbox 263 1261 587 1337; x_wconf 77' lang='lat' dir='ltr'><strong>ineptiarum</strong></span> <span class='ocrx_word' id='word_1_120' title='bbox 611 1256 952 1317; x_wconf 84' lang='lat' dir='ltr'><strong>oblivionem</strong></span> <span class='ocrx_word' id='word_1_121' title='bbox 978 1261 1259 1335; x_wconf 84' lang='lat' dir='ltr'><strong>inducere,</strong></span> <span class='ocrx_word' id='word_1_122' title='bbox 1296 1283 1386 1322; x_wconf 86' lang='lat' dir='ltr'><strong>aut</strong></span> <span class='ocrx_word' id='word_1_123' title='bbox 1409 1265 1727 1325; x_wconf 77' lang='lat' dir='ltr'><strong>desiderium</strong></span> <span class='ocrx_word' id='word_1_124' title='bbox 1752 1265 2118 1346; x_wconf 82' lang='lat' dir='ltr'><strong>exstinguere,</strong></span> 
     </span>
     <span class='ocr_line' id='line_1_15' title="bbox 131 1356 1807 1417; baseline 0.002 -20"><span class='ocrx_word' id='word_1_125' title='bbox 131 1357 249 1417; x_wconf 82' lang='lat' dir='ltr'><strong>apta</strong></span> <span class='ocrx_word' id='word_1_126' title='bbox 273 1356 394 1394; x_wconf 85' lang='lat' dir='ltr'><strong>nata</strong></span> <span class='ocrx_word' id='word_1_127' title='bbox 419 1357 582 1398; x_wconf 79' lang='lat' dir='ltr'><strong>erant.</strong></span> <span class='ocrx_word' id='word_1_128' title='bbox 1804 1360 1807 1361; x_wconf 71' lang='grc'>’</span> 
     </span>
    </p>
   </div>
   <div class='ocr_carea' id='block_1_4' title="bbox 125 1417 2146 3212">
    <p class='ocr_par' dir='ltr' id='par_1_4' title="bbox 125 1417 2146 3212">
     <span class='ocr_line' id='line_1_16' title="bbox 209 1417 2118 1505; baseline 0.005 -31"><span class='ocrx_word' id='word_1_129' title='bbox 209 1422 276 1475; x_wconf 89' lang='grc' dir='ltr'><strong>Χ.</strong></span> <span class='ocrx_word' id='word_1_130' title='bbox 321 1422 403 1474; x_wconf 88' lang='lat' dir='ltr'><strong>At</strong></span> <span class='ocrx_word' id='word_1_131' title='bbox 427 1417 560 1497; x_wconf 83' lang='lat' dir='ltr'><strong>quid</strong></span> <span class='ocrx_word' id='word_1_132' title='bbox 584 1417 777 1475; x_wconf 77' lang='lat' dir='ltr'><strong>nostris</strong></span> <span class='ocrx_word' id='word_1_133' title='bbox 804 1418 891 1476; x_wconf 79' lang='lat' dir='ltr'><strong>hic</strong></span> <span class='ocrx_word' id='word_1_134' title='bbox 916 1442 1053 1499; x_wconf 86' lang='lat' dir='ltr'><strong>opus</strong></span> <span class='ocrx_word' id='word_1_135' title='bbox 1077 1423 1152 1478; x_wconf 85' lang='lat' dir='ltr'><strong>est</strong></span> <span class='ocrx_word' id='word_1_136' title='bbox 1178 1426 1506 1483; x_wconf 74' lang='lat' dir='ltr'><strong>ratiociniis?</strong></span> <span class='ocrx_word' id='word_1_137' title='bbox 1538 1426 1717 1504; x_wconf 84' lang='lat' dir='ltr'><strong>Ipsum</strong></span> <span class='ocrx_word' id='word_1_138' title='bbox 1742 1428 1960 1505; x_wconf 81' lang='lat' dir='ltr'><strong>Optimi</strong></span> <span class='ocrx_word' id='word_1_139' title='bbox 1988 1429 2118 1484; x_wconf 89' lang='lat' dir='ltr'><strong>Nu-</strong></span> 
     </span>
     <span class='ocr_line' id='line_1_17' title="bbox 129 1497 2117 1585; baseline 0.004 -27"><span class='ocrx_word' id='word_1_140' title='bbox 129 1502 290 1559; x_wconf 84' lang='lat' dir='ltr'><strong>minis</strong></span> <span class='ocrx_word' id='word_1_141' title='bbox 314 1521 375 1556; x_wconf 92' lang='lat' dir='ltr'><strong>os</strong></span> <span class='ocrx_word' id='word_1_142' title='bbox 401 1497 764 1568; x_wconf 50' lang='lat' dir='ltr'><strong>consulam-usq</strong></span> <span class='ocrx_word' id='word_1_143' title='bbox 809 1502 904 1580; x_wconf 87' lang='lat' dir='ltr'><strong>qui</strong></span> <span class='ocrx_word' id='word_1_144' title='bbox 931 1502 1154 1581; x_wconf 85' lang='lat' dir='ltr'><strong>quidem</strong></span> <span class='ocrx_word' id='word_1_145' title='bbox 1178 1523 1360 1561; x_wconf 87' lang='lat' dir='ltr'><strong>totum</strong></span> <span class='ocrx_word' id='word_1_146' title='bbox 1385 1508 1555 1562; x_wconf 86' lang='lat' dir='ltr'><strong>cultus</strong></span> <span class='ocrx_word' id='word_1_147' title='bbox 1583 1505 1660 1563; x_wconf 88' lang='lat' dir='ltr'><strong>sui</strong></span> <span class='ocrx_word' id='word_1_148' title='bbox 1684 1527 1990 1585; x_wconf 81' lang='lat' dir='ltr'><strong>apparatum</strong></span> <span class='ocrx_word' id='word_1_149' title='bbox 2006 1553 2021 1577; x_wconf 85' lang='lat'>‚</span> <span class='ocrx_word' id='word_1_150' title='bbox 2052 1509 2117 1567; x_wconf 86' lang='lat' dir='ltr'><strong>ad</strong></span> 
     </span>
     <span class='ocr_line' id='line_1_18' title="bbox 128 1579 2116 1662; baseline 0.003 -22"><span class='ocrx_word' id='word_1_151' title='bbox 128 1583 376 1640; x_wconf 79' lang='lat' dir='ltr'><strong>minimas</strong></span> <span class='ocrx_word' id='word_1_152' title='bbox 403 1579 515 1638; x_wconf 73' lang='lat' dir='ltr'><strong>‘fere</strong></span> <span class='ocrx_word' id='word_1_153' title='bbox 532 1625 546 1651; x_wconf 82' lang='grc'>,</span> <span class='ocrx_word' id='word_1_154' title='bbox 572 1579 610 1638; x_wconf 77' lang='lat' dir='ltr'><strong>fi</strong></span> <span class='ocrx_word' id='word_1_155' title='bbox 638 1582 711 1637; x_wconf 78' lang='lat' dir='ltr'><strong>ita</strong></span> <span class='ocrx_word' id='word_1_156' title='bbox 732 1582 888 1662; x_wconf 85' lang='lat' dir='ltr'><strong>loqui</strong></span> <span class='ocrx_word' id='word_1_157' title='bbox 913 1581 988 1640; x_wconf 82' lang='lat' dir='ltr'><strong>fas</strong></span> <span class='ocrx_word' id='word_1_158' title='bbox 1014 1583 1104 1655; x_wconf 84' lang='lat' dir='ltr'><strong>fit,</strong></span> <span class='ocrx_word' id='word_1_159' title='bbox 1131 1589 1386 1643; x_wconf 73' lang='lat' dir='ltr'><strong>minutias</strong></span> <span class='ocrx_word' id='word_1_160' title='bbox 1407 1584 1652 1644; x_wconf 62' lang='lat' dir='ltr'><strong>&#39;disertim</strong></span> <span class='ocrx_word' id='word_1_161' title='bbox 1679 1609 1734 1644; x_wconf 84' lang='lat' dir='ltr'><strong>ac</strong></span> <span class='ocrx_word' id='word_1_162' title='bbox 1763 1586 2006 1644; x_wconf 57' lang='lat' dir='ltr'><strong>distinete</strong></span> <span class='ocrx_word' id='word_1_163' title='bbox 2022 1612 2116 1646; x_wconf 75' lang='lat' dir='ltr'><strong>ex-</strong></span> 
     </span>
     <span class='ocr_line' id='line_1_19' title="bbox 128 1660 2115 1749; baseline 0.003 -28"><span class='ocrx_word' id='word_1_164' title='bbox 128 1660 723 1745; x_wconf 75' lang='lat' dir='ltr'><strong>sequitur37&#39;heraphz&#39;m</strong></span> <span class='ocrx_word' id='word_1_165' title='bbox 747 1681 926 1721; x_wconf 84' lang='lat' dir='ltr'><strong>autem</strong></span> <span class='ocrx_word' id='word_1_166' title='bbox 952 1684 1207 1746; x_wconf 78' lang='lat' dir='ltr'><strong>tanquam</strong></span> <span class='ocrx_word' id='word_1_167' title='bbox 1234 1670 1290 1724; x_wconf 84' lang='lat' dir='ltr'><strong>in</strong></span> <span class='ocrx_word' id='word_1_168' title='bbox 1316 1669 1421 1725; x_wconf 83' lang='lat' dir='ltr'><strong>ulla</strong></span> <span class='ocrx_word' id='word_1_169' title='bbox 1444 1669 1723 1749; x_wconf 80' lang='lat' dir='ltr'><strong>religionis</strong></span> <span class='ocrx_word' id='word_1_170' title='bbox 1748 1687 1891 1747; x_wconf 83' lang='lat' dir='ltr'><strong>parte</strong></span> <span class='ocrx_word' id='word_1_171' title='bbox 1908 1671 2006 1725; x_wconf 85' lang='lat' dir='ltr'><strong>rite</strong></span> <span class='ocrx_word' id='word_1_172' title='bbox 2023 1670 2115 1732; x_wconf 77' lang='lat' dir='ltr'><strong>ad·-</strong></span> 
     </span>
     <span class='ocr_line' id='line_1_20' title="bbox 132 1743 2118 1828; baseline 0.003 -27"><span class='ocrx_word' id='word_1_173' title='bbox 132 1743 498 1801; x_wconf 87' lang='lat' dir='ltr'><strong>hibendorum</strong></span> <span class='ocrx_word' id='word_1_174' title='bbox 533 1744 708 1799; x_wconf 81' lang='lat' dir='ltr'><strong>nullus</strong></span> <span class='ocrx_word' id='word_1_175' title='bbox 737 1743 940 1822; x_wconf 81' lang='lat' dir='ltr'><strong>uspiam</strong></span> <span class='ocrx_word' id='word_1_176' title='bbox 964 1750 1231 1806; x_wconf 86' lang='lat' dir='ltr'><strong>meminit.</strong></span> <span class='ocrx_word' id='word_1_177' title='bbox 1302 1749 1473 1828; x_wconf 81' lang='lat' dir='ltr'><strong>Qod</strong></span> <span class='ocrx_word' id='word_1_178' title='bbox 1502 1752 1648 1807; x_wconf 84' lang='lat' dir='ltr'><strong>enim</strong></span> <span class='ocrx_word' id='word_1_179' title='bbox 1660 1749 1753 1826; x_wconf 54' lang='grc' dir='ltr'><strong>βψ</strong></span> <span class='ocrx_word' id='word_1_180' title='bbox 1775 1754 1880 1807; x_wconf 51' lang='lat' dir='ltr'><strong>alt-‘0</strong></span> <span class='ocrx_word' id='word_1_181' title='bbox 1908 1772 1998 1807; x_wconf 84' lang='lat' dir='ltr'><strong>eos</strong></span> <span class='ocrx_word' id='word_1_182' title='bbox 2025 1773 2118 1806; x_wconf 53' lang='lat'><strong>7202</strong></span> 
     </span>
     <span class='ocr_line' id='line_1_21' title="bbox 133 1824 2116 1910; baseline 0.004 -28"><span class='ocrx_word' id='word_1_183' title='bbox 133 1832 269 1882; x_wconf 76' lang='lat' dir='ltr'><strong>mine</strong></span> <span class='ocrx_word' id='word_1_184' title='bbox 303 1827 505 1881; x_wconf 84' lang='lat' dir='ltr'><strong>latitare</strong></span> <span class='ocrx_word' id='word_1_185' title='bbox 529 1846 645 1881; x_wconf 92' lang='lat' dir='ltr'><strong>non</strong></span> <span class='ocrx_word' id='word_1_186' title='bbox 671 1846 834 1881; x_wconf 89' lang='lat' dir='ltr'><strong>nemo</strong></span> <span class='ocrx_word' id='word_1_187' title='bbox 862 1824 1031 1883; x_wconf 81' lang='lat' dir='ltr'><strong>afferit</strong></span> <span class='ocrx_word' id='word_1_188' title='bbox 1053 1872 1068 1897; x_wconf 88' lang='lat'>‚</span> <span class='ocrx_word' id='word_1_189' title='bbox 1126 1829 1181 1887; x_wconf 87' lang='lat' dir='ltr'><strong>id</strong></span> <span class='ocrx_word' id='word_1_190' title='bbox 1206 1853 1376 1909; x_wconf 83' lang='lat' dir='ltr'><strong>quum</strong></span> <span class='ocrx_word' id='word_1_191' title='bbox 1402 1829 1645 1889; x_wconf 83' lang='lat' dir='ltr'><strong>insanum</strong></span> <span class='ocrx_word' id='word_1_192' title='bbox 1672 1831 1732 1888; x_wconf 84' lang='lat' dir='ltr'><strong>fit</strong></span> <span class='ocrx_word' id='word_1_193' title='bbox 1757 1830 2080 1910; x_wconf 75' lang='lat' dir='ltr'><strong>postulatum</strong></span> <span class='ocrx_word' id='word_1_194' title='bbox 2098 1879 2116 1903; x_wconf 74' lang='grc'>,</span> 
     </span>
     <span class='ocr_line' id='line_1_22' title="bbox 130 1903 2115 1992; baseline 0.003 -26"><span class='ocrx_word' id='word_1_195' title='bbox 130 1926 255 1966; x_wconf 86' lang='lat' dir='ltr'><strong>non·</strong></span> <span class='ocrx_word' id='word_1_196' title='bbox 283 1904 591 1963; x_wconf 61' lang='lat' dir='ltr'><strong>dictandum</strong></span> <span class='ocrx_word' id='word_1_197' title='bbox 616 1949 632 1974; x_wconf 86' lang='lat'>‚</span> <span class='ocrx_word' id='word_1_198' title='bbox 686 1903 774 1961; x_wconf 91' lang='lat' dir='ltr'><strong>sed</strong></span> <span class='ocrx_word' id='word_1_199' title='bbox 810 1907 957 1962; x_wconf 77' lang='lat' dir='ltr'><strong>claris</strong></span> <span class='ocrx_word' id='word_1_200' title='bbox 994 1929 1050 1964; x_wconf 86' lang='lat' dir='ltr'><strong>ac</strong></span> <span class='ocrx_word' id='word_1_201' title='bbox 1086 1915 1423 1986; x_wconf 85' lang='lat' dir='ltr'><strong>peremtoriis</strong></span> <span class='ocrx_word' id='word_1_202' title='bbox 1447 1912 1746 1971; x_wconf 86' lang='lat' dir='ltr'><strong>rationibus</strong></span> <span class='ocrx_word' id='word_1_203' title='bbox 1772 1912 2115 1992; x_wconf 81' lang='lat' dir='ltr'><strong>probandum</strong></span> 
     </span>
     <span class='ocr_line' id='line_1_23' title="bbox 130 1985 2112 2078; baseline 0.003 -32"><span class='ocrx_word' id='word_1_204' title='bbox 130 2006 256 2046; x_wconf 86' lang='lat' dir='ltr'><strong>erat.</strong></span> <span class='ocrx_word' id='word_1_205' title='bbox 301 1988 386 2043; x_wconf 86' lang='lat' dir='ltr'><strong>Eo</strong></span> <span class='ocrx_word' id='word_1_206' title='bbox 412 1988 580 2065; x_wconf 85' lang='lat' dir='ltr'><strong>magis</strong></span> <span class='ocrx_word' id='word_1_207' title='bbox 597 2030 612 2055; x_wconf 90' lang='lat'>‚</span> <span class='ocrx_word' id='word_1_208' title='bbox 659 1985 810 2064; x_wconf 86' lang='lat' dir='ltr'><strong>quod</strong></span> <span class='ocrx_word' id='word_1_209' title='bbox 836 2010 1006 2066; x_wconf 83' lang='lat' dir='ltr'><strong>quum</strong></span> <span class='ocrx_word' id='word_1_210' title='bbox 1031 1989 1269 2048; x_wconf 80' lang='lat' dir='ltr'><strong>adversus</strong></span> <span class='ocrx_word' id='word_1_211' title='bbox 1296 1995 1584 2050; x_wconf 68' lang='lat' dir='ltr'><strong>Gentilium</strong></span> <span class='ocrx_word' id='word_1_212' title='bbox 1606 1992 1922 2078; x_wconf 71' lang='lat' dir='ltr'><strong>Theraphim</strong></span> <span class='ocrx_word' id='word_1_213' title='bbox 1949 1998 2112 2052; x_wconf 79' lang='lat' dir='ltr'><strong>toties</strong></span> 
     </span>
     <span class='ocr_line' id='line_1_24' title="bbox 127 2065 2146 2155; baseline 0.002 -27"><span class='ocrx_word' id='word_1_214' title='bbox 127 2080 186 2128; x_wconf 82' lang='lat' dir='ltr'><strong>ac</strong></span> <span class='ocrx_word' id='word_1_215' title='bbox 211 2087 320 2126; x_wconf 85' lang='lat' dir='ltr'><strong>tam</strong></span> <span class='ocrx_word' id='word_1_216' title='bbox 343 2065 690 2125; x_wconf 86' lang='lat' dir='ltr'><strong>vehementer</strong></span> <span class='ocrx_word' id='word_1_217' title='bbox 714 2065 861 2124; x_wconf 84' lang='lat' dir='ltr'><strong>sacrae</strong></span> <span class='ocrx_word' id='word_1_218' title='bbox 884 2069 1047 2126; x_wconf 86' lang='lat' dir='ltr'><strong>literae</strong></span> <span class='ocrx_word' id='word_1_219' title='bbox 1072 2070 1370 2130; x_wconf 76' lang='lat' dir='ltr'><strong>declament</strong></span> <span class='ocrx_word' id='word_1_220' title='bbox 1386 2120 1400 2144; x_wconf 90' lang='lat'>,</span> <span class='ocrx_word' id='word_1_221' title='bbox 1420 2079 1475 2130; x_wconf 65' lang='grc' dir='ltr'>δί</span> <span class='ocrx_word' id='word_1_222' title='bbox 1500 2093 1679 2133; x_wconf 85' lang='lat' dir='ltr'><strong>tamen</strong></span> <span class='ocrx_word' id='word_1_223' title='bbox 1695 2098 1887 2132; x_wconf 80' lang='lat' dir='ltr'><strong>eorum</strong></span> <span class='ocrx_word' id='word_1_224' title='bbox 1902 2078 2110 2155; x_wconf 77' lang='lat' dir='ltr'><strong>aliquos</strong></span> <span class='ocrx_word' id='word_1_225' title='bbox 2142 2121 2146 2125; x_wconf 85' lang='lat'><em>.</em></span> 
     </span>
     <span class='ocr_line' id='line_1_25' title="bbox 127 2145 2108 2231; baseline 0.002 -22"><span class='ocrx_word' id='word_1_226' title='bbox 127 2155 250 2231; x_wconf 88' lang='lat' dir='ltr'><strong>pios</strong></span> <span class='ocrx_word' id='word_1_227' title='bbox 284 2171 341 2207; x_wconf 85' lang='lat' dir='ltr'><strong>ac</strong></span> <span class='ocrx_word' id='word_1_228' title='bbox 376 2147 544 2205; x_wconf 87' lang='lat' dir='ltr'><strong>sacros</strong></span> <span class='ocrx_word' id='word_1_229' title='bbox 577 2145 728 2206; x_wconf 80' lang='lat' dir='ltr'><strong>fuisse</strong></span> <span class='ocrx_word' id='word_1_230' title='bbox 754 2147 1082 2227; x_wconf 84' lang='lat' dir='ltr'><strong>supponatur</strong></span> <span class='ocrx_word' id='word_1_231' title='bbox 1105 2177 1121 2221; x_wconf 85' lang='lat'>3</span> <span class='ocrx_word' id='word_1_232' title='bbox 1164 2154 1426 2231; x_wconf 84' lang='lat' dir='ltr'><strong>pendulos</strong></span> <span class='ocrx_word' id='word_1_233' title='bbox 1453 2159 1618 2214; x_wconf 87' lang='lat' dir='ltr'><strong>animi</strong></span> <span class='ocrx_word' id='word_1_234' title='bbox 1643 2156 1891 2213; x_wconf 71' lang='lat' dir='ltr'><strong>israelitas</strong></span> <span class='ocrx_word' id='word_1_235' title='bbox 1913 2156 2108 2213; x_wconf 79' lang='lat' dir='ltr'><strong>haerere</strong></span> 
     </span>
     <span class='ocr_line' id='line_1_26' title="bbox 126 2222 2110 2317; baseline 0.002 -26"><span class='ocrx_word' id='word_1_236' title='bbox 126 2222 329 2291; x_wconf 82' lang='lat' dir='ltr'><strong>neceffe</strong></span> <span class='ocrx_word' id='word_1_237' title='bbox 355 2229 546 2299; x_wconf 83' lang='lat' dir='ltr'><strong>fuerit,</strong></span> <span class='ocrx_word' id='word_1_238' title='bbox 588 2230 990 2310; x_wconf 74' lang='lat' dir='ltr'><strong>qui&#39;qualesque</strong></span> <span class='ocrx_word' id='word_1_239' title='bbox 1013 2232 1328 2317; x_wconf 65' lang='lat' dir='ltr'><strong>Theraphim</strong></span> <span class='ocrx_word' id='word_1_240' title='bbox 1353 2238 1746 2314; x_wconf 81' lang='lat' dir='ltr'><strong>Deo&#39;placeant</strong></span> <span class='ocrx_word' id='word_1_241' title='bbox 1769 2235 2110 2314; x_wconf 82' lang='lat' dir='ltr'><strong>displiceant—</strong></span> 
     </span>
     <span class='ocr_line' id='line_1_27' title="bbox 128 2309 2105 2391; baseline 0.002 -20"><span class='ocrx_word' id='word_1_242' title='bbox 128 2335 239 2382; x_wconf 84' lang='lat' dir='ltr'><strong>ve,</strong></span> <span class='ocrx_word' id='word_1_243' title='bbox 284 2314 404 2391; x_wconf 87' lang='lat' dir='ltr'><strong>quis</strong></span> <span class='ocrx_word' id='word_1_244' title='bbox 431 2316 623 2368; x_wconf 77' lang='lat' dir='ltr'><strong>eorum</strong></span> <span class='ocrx_word' id='word_1_245' title='bbox 645 2309 765 2368; x_wconf 85' lang='lat' dir='ltr'><strong>usus</strong></span> <span class='ocrx_word' id='word_1_246' title='bbox 788 2314 966 2370; x_wconf 89' lang='lat' dir='ltr'><strong>licitus</strong></span> <span class='ocrx_word' id='word_1_247' title='bbox 994 2333 1083 2371; x_wconf 89' lang='lat' dir='ltr'><strong>aut</strong></span> <span class='ocrx_word' id='word_1_248' title='bbox 1107 2316 1323 2372; x_wconf 84' lang='lat' dir='ltr'><strong>illicitus</strong></span> <span class='ocrx_word' id='word_1_249' title='bbox 1349 2315 1409 2373; x_wconf 84' lang='lat' dir='ltr'><strong>fit</strong></span> <span class='ocrx_word' id='word_1_250' title='bbox 1436 2362 1453 2387; x_wconf 84' lang='lat'>‚</span> <span class='ocrx_word' id='word_1_251' title='bbox 1500 2317 1599 2374; x_wconf 73' lang='lat' dir='ltr'><strong>nisi</strong></span> <span class='ocrx_word' id='word_1_252' title='bbox 1625 2318 1920 2375; x_wconf 62' lang='lat' dir='ltr'><strong>distinetius</strong></span> <span class='ocrx_word' id='word_1_253' title='bbox 1949 2316 2012 2374; x_wconf 82' lang='lat' dir='ltr'><strong>de</strong></span> <span class='ocrx_word' id='word_1_254' title='bbox 2038 2340 2105 2374; x_wconf 88' lang='lat' dir='ltr'><strong>eo</strong></span> 
     </span>
     <span class='ocr_line' id='line_1_28' title="bbox 129 2393 2109 2478; baseline 0.001 -25"><span class='ocrx_word' id='word_1_255' title='bbox 129 2394 498 2453; x_wconf 85' lang='lat' dir='ltr'><strong>edocerentur.</strong></span> <span class='ocrx_word' id='word_1_256' title='bbox 545 2393 668 2450; x_wconf 89' lang='lat' dir='ltr'><strong>Sola</strong></span> <span class='ocrx_word' id='word_1_257' title='bbox 690 2395 891 2474; x_wconf 88' lang='lat' dir='ltr'><strong>quippe</strong></span> <span class='ocrx_word' id='word_1_258' title='bbox 916 2398 1157 2453; x_wconf 79' lang='lat' dir='ltr'><strong>nominis</strong></span> <span class='ocrx_word' id='word_1_259' title='bbox 1183 2401 1442 2467; x_wconf 81' lang='lat' dir='ltr'><strong>mutati0‚</strong></span> <span class='ocrx_word' id='word_1_260' title='bbox 1459 2397 1523 2456; x_wconf 83' lang='lat' dir='ltr'><strong>ad</strong></span> <span class='ocrx_word' id='word_1_261' title='bbox 1549 2397 1962 2478; x_wconf 71' lang='lat' dir='ltr'><strong>persuadendam</strong></span> <span class='ocrx_word' id='word_1_262' title='bbox 1975 2397 2109 2472; x_wconf 47' lang='lat' dir='ltr'><strong>ejus-⁶</strong></span> 
     </span>
     <span class='ocr_line' id='line_1_29' title="bbox 128 2471 2107 2558; baseline 0.002 -25"><span class='ocrx_word' id='word_1_263' title='bbox 128 2475 253 2534; x_wconf 89' lang='lat' dir='ltr'><strong>dem</strong></span> <span class='ocrx_word' id='word_1_264' title='bbox 289 2475 367 2531; x_wconf 88' lang='lat' dir='ltr'><strong>rei</strong></span> <span class='ocrx_word' id='word_1_265' title='bbox 389 2495 454 2530; x_wconf 84' lang='lat' dir='ltr'><strong>ex</strong></span> <span class='ocrx_word' id='word_1_266' title='bbox 478 2471 823 2532; x_wconf 83' lang='lat' dir='ltr'><strong>idololatricis</strong></span> <span class='ocrx_word' id='word_1_267' title='bbox 848 2498 905 2533; x_wconf 86' lang='lat' dir='ltr'><strong>ac</strong></span> <span class='ocrx_word' id='word_1_268' title='bbox 930 2479 1152 2557; x_wconf 85' lang='lat' dir='ltr'><strong>magicis</strong></span> <span class='ocrx_word' id='word_1_269' title='bbox 1179 2477 1644 2558; x_wconf 83' lang='lat' dir='ltr'><strong>superstitionibus</strong></span> <span class='ocrx_word' id='word_1_270' title='bbox 1672 2481 1735 2538; x_wconf 83' lang='lat' dir='ltr'><strong>ad</strong></span> <span class='ocrx_word' id='word_1_271' title='bbox 1761 2481 1873 2536; x_wconf 85' lang='lat' dir='ltr'><strong>Dei</strong></span> <span class='ocrx_word' id='word_1_272' title='bbox 1901 2480 2107 2537; x_wconf 82' lang='lat' dir='ltr'><strong>cultum</strong></span> 
     </span>
     <span class='ocr_line' id='line_1_30' title="bbox 125 2552 2107 2643; baseline 0.001 -28"><span class='ocrx_word' id='word_1_273' title='bbox 125 2554 556 2624; x_wconf 84' lang='lat' dir='ltr'><strong>transsationem,</strong></span> <span class='ocrx_word' id='word_1_274' title='bbox 602 2552 708 2611; x_wconf 83' lang='lat' dir='ltr'><strong>fine</strong></span> <span class='ocrx_word' id='word_1_275' title='bbox 733 2557 845 2613; x_wconf 92' lang='lat' dir='ltr'><strong>ullo</strong></span> <span class='ocrx_word' id='word_1_276' title='bbox 868 2561 1109 2617; x_wconf 86' lang='lat' dir='ltr'><strong>numinis</strong></span> <span class='ocrx_word' id='word_1_277' title='bbox 1132 2560 1384 2618; x_wconf 83' lang='lat' dir='ltr'><strong>mandato</strong></span> <span class='ocrx_word' id='word_1_278' title='bbox 1400 2605 1414 2631; x_wconf 91' lang='lat'>‚</span> <span class='ocrx_word' id='word_1_279' title='bbox 1460 2561 1568 2619; x_wconf 83' lang='lat' dir='ltr'><strong>fine</strong></span> <span class='ocrx_word' id='word_1_280' title='bbox 1593 2563 1826 2643; x_wconf 80' lang='lat' dir='ltr'><strong>legitimi</strong></span> <span class='ocrx_word' id='word_1_281' title='bbox 1851 2558 1970 2618; x_wconf 87' lang='lat' dir='ltr'><strong>usus</strong></span> <span class='ocrx_word' id='word_1_282' title='bbox 1998 2563 2107 2617; x_wconf 77' lang='lat' dir='ltr'><strong>Di·-</strong></span> 
     </span>
     <span class='ocr_line' id='line_1_31' title="bbox 126 2635 2108 2722; baseline 0.001 -25"><span class='ocrx_word' id='word_1_283' title='bbox 126 2640 253 2697; x_wconf 86' lang='lat' dir='ltr'><strong>vina</strong></span> <span class='ocrx_word' id='word_1_284' title='bbox 278 2635 673 2715; x_wconf 71' lang='lat' dir='ltr'><strong>designatione,</strong></span> <span class='ocrx_word' id='word_1_285' title='bbox 690 2658 804 2694; x_wconf 88' lang='lat' dir='ltr'><strong>non</strong></span> <span class='ocrx_word' id='word_1_286' title='bbox 823 2638 1020 2698; x_wconf 86' lang='lat' dir='ltr'><strong>sufficit</strong></span> <span class='ocrx_word' id='word_1_287' title='bbox 1043 2642 1226 2700; x_wconf 88' lang='lat' dir='ltr'><strong>animo</strong></span> <span class='ocrx_word' id='word_1_288' title='bbox 1252 2658 1417 2722; x_wconf 83' lang='lat' dir='ltr'><strong>quem</strong></span> <span class='ocrx_word' id='word_1_289' title='bbox 1443 2641 1647 2700; x_wconf 60' lang='lat' dir='ltr'><strong>sanetus</strong></span> <span class='ocrx_word' id='word_1_290' title='bbox 1672 2643 1909 2701; x_wconf 80' lang='lat' dir='ltr'><strong>numinis</strong></span> <span class='ocrx_word' id='word_1_291' title='bbox 1934 2661 2108 2700; x_wconf 81' lang='lat' dir='ltr'><strong>metus</strong></span> 
     </span>
     <span class='ocr_line' id='line_1_32' title="bbox 128 2715 2107 2805; baseline 0.003 -28"><span class='ocrx_word' id='word_1_292' title='bbox 128 2717 353 2777; x_wconf 84' lang='lat' dir='ltr'><strong>incesfit.</strong></span> <span class='ocrx_word' id='word_1_293' title='bbox 399 2722 519 2774; x_wconf 91' lang='lat' dir='ltr'><strong>Aut</strong></span> <span class='ocrx_word' id='word_1_294' title='bbox 544 2715 581 2773; x_wconf 88' lang='lat' dir='ltr'>fi</span> <span class='ocrx_word' id='word_1_295' title='bbox 607 2717 756 2796; x_wconf 88' lang='lat' dir='ltr'><strong>quod</strong></span> <span class='ocrx_word' id='word_1_296' title='bbox 780 2721 878 2776; x_wconf 85' lang='lat' dir='ltr'><strong>tale</strong></span> <span class='ocrx_word' id='word_1_297' title='bbox 901 2719 1120 2780; x_wconf 82' lang='lat' dir='ltr'><strong>Divinae</strong></span> <span class='ocrx_word' id='word_1_298' title='bbox 1148 2727 1311 2805; x_wconf 85' lang='lat' dir='ltr'><strong>Legis</strong></span> <span class='ocrx_word' id='word_1_299' title='bbox 1335 2743 1658 2804; x_wconf 77' lang='lat' dir='ltr'><strong>praeceptum</strong></span> <span class='ocrx_word' id='word_1_300' title='bbox 1684 2726 1747 2783; x_wconf 86' lang='lat' dir='ltr'><strong>de</strong></span> <span class='ocrx_word' id='word_1_301' title='bbox 1773 2727 1948 2779; x_wconf 60' lang='lat' dir='ltr'><strong>Sacris</strong></span> <span class='ocrx_word' id='word_1_302' title='bbox 1968 2723 2107 2780; x_wconf 75' lang='lat' dir='ltr'><strong>The—</strong></span> 
     </span>
     <span class='ocr_line' id='line_1_33' title="bbox 127 2797 2106 2889; baseline 0.001 -31"><span class='ocrx_word' id='word_1_303' title='bbox 127 2800 334 2884; x_wconf 72' lang='lat' dir='ltr'><strong>raphim</strong></span> <span class='ocrx_word' id='word_1_304' title='bbox 359 2799 520 2876; x_wconf 77' lang='lat' dir='ltr'><strong>exstet</strong></span> <span class='ocrx_word' id='word_1_305' title='bbox 543 2843 558 2868; x_wconf 87' lang='lat'>‚</span> <span class='ocrx_word' id='word_1_306' title='bbox 605 2797 641 2855; x_wconf 85' lang='lat' dir='ltr'>fi</span> <span class='ocrx_word' id='word_1_307' title='bbox 666 2821 828 2878; x_wconf 85' lang='lat' dir='ltr'><strong>quam</strong></span> <span class='ocrx_word' id='word_1_308' title='bbox 848 2802 1072 2861; x_wconf 84' lang='lat' dir='ltr'><strong>coelestis</strong></span> <span class='ocrx_word' id='word_1_309' title='bbox 1096 2805 1339 2864; x_wconf 60' lang='lat' dir='ltr'><strong>doetrina</strong></span> <span class='ocrx_word' id='word_1_310' title='bbox 1365 2802 1798 2889; x_wconf 59' lang='grc' dir='ltr'><strong>τῶι’“1“7πναρβ]ὶ’φη</strong></span> <span class='ocrx_word' id='word_1_311' title='bbox 1820 2802 2106 2879; x_wconf 54' lang='lat' dir='ltr'><strong>distinam-2</strong></span> 
     </span>
     <span class='ocr_line' id='line_1_34' title="bbox 126 2877 2104 2966; baseline 0.002 -27"><span class='ocrx_word' id='word_1_312' title='bbox 126 2903 244 2939; x_wconf 79' lang='lat' dir='ltr'><strong>nem</strong></span> <span class='ocrx_word' id='word_1_313' title='bbox 266 2877 773 2950; x_wconf 86' lang='lat' dir='ltr'><strong>tradat·;monstrent</strong></span> <span class='ocrx_word' id='word_1_314' title='bbox 796 2902 855 2937; x_wconf 87' lang='lat' dir='ltr'><strong>ea</strong></span> <span class='ocrx_word' id='word_1_315' title='bbox 877 2887 1087 2942; x_wconf 86' lang='lat' dir='ltr'><strong>rarioris</strong></span> <span class='ocrx_word' id='word_1_316' title='bbox 1109 2885 1375 2966; x_wconf 83' lang='lat' dir='ltr'><strong>sapientiae</strong></span> <span class='ocrx_word' id='word_1_317' title='bbox 1400 2888 1643 2946; x_wconf 83' lang='lat' dir='ltr'><strong>consulti.</strong></span> <span class='ocrx_word' id='word_1_318' title='bbox 1671 2887 1854 2943; x_wconf 80' lang='lat' dir='ltr'><strong>Nobis</strong></span> <span class='ocrx_word' id='word_1_319' title='bbox 1870 2884 2104 2943; x_wconf 86' lang='lat' dir='ltr'><strong>necdum</strong></span> 
     </span>
     <span class='ocr_line' id='line_1_35' title="bbox 126 2959 2106 3053; baseline 0.002 -32"><span class='ocrx_word' id='word_1_320' title='bbox 126 2965 371 3021; x_wconf 85' lang='lat' dir='ltr'><strong>invenire</strong></span> <span class='ocrx_word' id='word_1_321' title='bbox 397 2961 578 3019; x_wconf 86' lang='lat' dir='ltr'><strong>datum</strong></span> <span class='ocrx_word' id='word_1_322' title='bbox 605 2959 693 3018; x_wconf 90' lang='lat' dir='ltr'><strong>est.</strong></span> <span class='ocrx_word' id='word_1_323' title='bbox 726 2967 862 3042; x_wconf 82' lang='lat' dir='ltr'><strong>Qae</strong></span> <span class='ocrx_word' id='word_1_324' title='bbox 887 2966 1033 3022; x_wconf 89' lang='lat' dir='ltr'><strong>enim</strong></span> <span class='ocrx_word' id='word_1_325' title='bbox 1058 2968 1386 3027; x_wconf 81' lang='lat' dir='ltr'><strong>Clariffimus</strong></span> <span class='ocrx_word' id='word_1_326' title='bbox 1410 2976 1677 3053; x_wconf 74' lang='lat' dir='ltr'><strong>Spencerm</strong></span> <span class='ocrx_word' id='word_1_327' title='bbox 1694 2966 1970 3049; x_wconf 79' lang='lat' dir='ltr'><strong>producit,</strong></span> <span class='ocrx_word' id='word_1_328' title='bbox 1987 2989 2106 3025; x_wconf 80' lang='lat' dir='ltr'><strong>non</strong></span> 
     </span>
     <span class='ocr_line' id='line_1_36' title="bbox 130 3042 2109 3130; baseline 0.002 -28"><span class='ocrx_word' id='word_1_329' title='bbox 130 3062 416 3125; x_wconf 69' lang='lat' dir='ltr'><strong>praecepta,</strong></span> <span class='ocrx_word' id='word_1_330' title='bbox 444 3064 621 3123; x_wconf 89' lang='lat' dir='ltr'><strong>neque</strong></span> <span class='ocrx_word' id='word_1_331' title='bbox 651 3042 930 3123; x_wconf 82' lang='lat' dir='ltr'><strong>dogmata,</strong></span> <span class='ocrx_word' id='word_1_332' title='bbox 956 3043 1043 3103; x_wconf 90' lang='lat' dir='ltr'><strong>sed</strong></span> <span class='ocrx_word' id='word_1_333' title='bbox 1069 3052 1335 3128; x_wconf 82' lang='lat' dir='ltr'><strong>exempla,</strong></span> <span class='ocrx_word' id='word_1_334' title='bbox 1367 3069 1524 3130; x_wconf 81' lang='lat' dir='ltr'><strong>atque</strong></span> <span class='ocrx_word' id='word_1_335' title='bbox 1551 3073 1609 3107; x_wconf 88' lang='lat' dir='ltr'><strong>ea</strong></span> <span class='ocrx_word' id='word_1_336' title='bbox 1634 3075 1748 3109; x_wconf 88' lang='lat' dir='ltr'><strong>non</strong></span> <span class='ocrx_word' id='word_1_337' title='bbox 1771 3045 2109 3121; x_wconf 76' lang='lat' dir='ltr'><strong>laudata‚sed</strong></span> 
     </span>
     <span class='ocr_line' id='line_1_37' title="bbox 128 3124 1871 3212; baseline 0.003 -26"><span class='ocrx_word' id='word_1_338' title='bbox 128 3128 338 3206; x_wconf 68' lang='lat' dir='ltr'><strong>culpata</strong></span> <span class='ocrx_word' id='word_1_339' title='bbox 363 3127 545 3206; x_wconf 86' lang='lat' dir='ltr'><strong>potius</strong></span> <span class='ocrx_word' id='word_1_340' title='bbox 558 3150 575 3197; x_wconf 87' lang='lat'>3</span> <span class='ocrx_word' id='word_1_341' title='bbox 618 3124 683 3185; x_wconf 88' lang='lat' dir='ltr'><strong>ad</strong></span> <span class='ocrx_word' id='word_1_342' title='bbox 707 3126 794 3184; x_wconf 85' lang='lat' dir='ltr'><strong>illa</strong></span> <span class='ocrx_word' id='word_1_343' title='bbox 816 3148 932 3186; x_wconf 88' lang='lat' dir='ltr'><strong>non</strong></span> <span class='ocrx_word' id='word_1_344' title='bbox 956 3125 1240 3196; x_wconf 85' lang='lat' dir='ltr'><strong>difficulter</strong></span> <span class='ocrx_word' id='word_1_345' title='bbox 1263 3154 1392 3191; x_wconf 83' lang='lat' dir='ltr'><strong>mox</strong></span> <span class='ocrx_word' id='word_1_346' title='bbox 1417 3130 1871 3212; x_wconf 82' lang='lat' dir='ltr'><strong>respondebimus.</strong></span> 
     </span>
    </p>
   </div>
   <div class='ocr_carea' id='block_1_5' title="bbox 1199 3191 2244 3296">
    <p class='ocr_par' dir='ltr' id='par_1_5' title="bbox 1199 3191 2244 3296">
     <span class='ocr_line' id='line_1_38' title="bbox 1199 3191 2244 3296; baseline 0.003 -20"><span class='ocrx_word' id='word_1_347' title='bbox 1199 3210 1260 3268; x_wconf 81' lang='lat' dir='ltr'>R</span> <span class='ocrx_word' id='word_1_348' title='bbox 1867 3224 1962 3279; x_wconf 82' lang='lat' dir='ltr'><strong>XI.</strong></span> <span class='ocrx_word' id='word_1_349' title='bbox 1988 3226 2108 3279; x_wconf 85' lang='lat' dir='ltr'><strong>Imo</strong></span> <span class='ocrx_word' id='word_1_350' title='bbox 2164 3198 2174 3296; x_wconf 25' lang='lat'><strong>&#39;-</strong></span> <span class='ocrx_word' id='word_1_351' title='bbox 2242 3191 2244 3194; x_wconf 16' lang='lat'>⁵</span> 
     </span>
    </p>
   </div>
  </div>
 </body>
</html>
