2371 3612
755 168 1658 252 DEDICATIO.

221 320 537 403 praecepta
568 320 763 391 quam
798 293 1094 385 exempla
1126 293 1590 384 contemplari,
1637 298 1732 360 uti
1749 289 1931 360 sacris
1963 283 2215 386 depic'ta

228 398 463 471 tabulis
495 450 512 474 ,
582 391 708 461 fine
750 387 903 458 fuco
942 439 958 466 ,
1019 387 1144 454 sine
1182 385 1491 478 phaleriS,
1543 384 1883 475 legentium
1919 384 1979 453 se
2009 388 2213 455 oculis

226 501 513 584 ingerunt
541 540 556 564 ,
619 505 758 575 quae
808 479 1030 551 eadem
1068 488 1374 568 puritate,
1422 478 1787 553 sanctitate,
1835 474 2212 548 efficacitate

226 585 533 672 nusquam
561 576 708 645 alibi
746 582 1034 667 reperias,
1131 576 1287 639 Haec
1320 569 1473 638 dum
1504 593 1583 636 ex
1612 568 1864 636 sacratis
1892 572 2213 656 utriusque

124 754 134 760 ,
226 673 481 745 foederis
512 667 934 739 instrumentis
964 665 1180 824 lqgunt
1199 717 1213 741 ‚
1251 662 1630 754 cognoscunt
1650 715 1665 738 ,
1686 659 2066 728 meditantur
2095 661 2215 730 ho-

226 775 425 836 mines
472 770 561 855 pii
595 813 611 840 ‚
671 758 960 831 videntur
1025 757 1110 825 1bi
1140 754 1369 824 versari
1398 762 1458 821 in
1488 752 1808 821 montibus
1841 752 2215 824 stillantibus

228 857 511 928 mustum
544 909 559 932 ‚
624 853 687 920 ὃ(
732 849 1000 918 collibus
1047 845 1476 916 diffluentibus
1530 845 1691 912 lacte
1729 899 1744 922 ‚
1797 865 1908 911 aut
1935 852 2214 918 innatare

230 945 612 1019 torrentibus
645 951 788 1011 rivis
825 941 1029 1010 mellis
1061 964 1134 1007 ac
1165 937 1378 1028 butyri
1415 968 1431 1017 3
1480 959 1828 1026 parumque
1861 935 2031 1004 abest
2065 948 2217 1028 quin

228 1041 617 1114 exclament,
666 1033 842 1124 quod
873 1030 1306 1102 Bohemorum
1324 1034 1689 1118 Martyrum
1713 1028 1988 1117 aliquem
2007 1036 2217 1099 Euan-

233 1133 548 1224 geliorum
578 1127 780 1195 codici
819 1122 1171 1212 inscripsifle
1214 1129 1567 1207 accepimus
1596 1172 1611 1195 ‚
1677 1122 1904 1185 ECCE
1951 1124 2214 1190 PARA..

228 1224 479 1291 DISUS
526 1219 889 1288 NOSTER.
979 1213 1325 1281 vSolvuntur
1362 1219 1422 1276 in
1457 1208 1675 1275 laudes
1694 1214 1848 1285 Dei,
1903 1218 2080 1296 cujus
2097 1222 2213 1280 im·-

235 1313 453 1382 mensae
484 1307 772 1381 adversus
791 1329 910 1375 -eos
943 1304 1209 1372 bonitati
1240 1322 1373 1367 tam
1399 1298 1604 1366 solidae
1636 1353 1650 1375 ‚
1697 1299 1951 1366 excelsae
1980 1326 2053 1367 ac
2070 1302 2213 1371 bea..

234 1404 423 1475 tificae
455 1403 761 1491 sapientiae
799 1394 1125 1488 magistras
1141 1400 1432 1484 paginaS‚
1481 1398 1575 1458 uti
1607 1388 1862 1465 deb-ent,
1920 1395 2209 1461 ita&ac-

233 1516 427 1587 cepto
459 1491 701 1573 ferunt3
750 1514 822 1557 ac
850 1488 1016 1555 bona
1044 1488 1154 1554 sua
1186 1491 1430 1559 omnia,
1479 1490 1803 1571 vitamque
1830 1483 2069 1572 ipsam,
2102 1507 2216 1556 aut

235 1587 286 1657 s1
321 1584 473 1677 quid
501 1594 635 1673 vita
665 1582 852 1674 poffit
882 1579 996 1648 effe
1025 1577 1273 1645 charius
1292 1630 1306 1653 ‚
1357 1573 1655 1664 depecisci
1672 1573 1967 1651 mallent,
2018 1600 2215 1667 quam

236 1678 511 1748 coelestis
549 1676 724 1743 illius
768 1669 1042 1760 rdepositi
1077 1669 1393 1757 jacturam
1447 1663 1668 1732 facere.
1774 1666 2216 1737 Existimantes

229 1779 472 1862 quippe
522 1767 588 1836 id
633 1763 809 1857 quod
857 1784 952 1832 res
985 1762 1076 1830 est
1106 1805 1120 1830 ‚
1192 1783 1317 1826 non
1346 1756 1518 1846 posse
1549 1754 1658 1820 fibi
1686 1755 1788 1822 vel
1813 1756 2214 1844 sapientiam,

239 1862 345 1934 vel
374 1859 845 1929 sanclimoniam
872 1902 893 1934 ,
936 1853 1039 1922 vel
1074 1858 1264 1918 animi
1292 1857 1352 1915 in
1372 1853 1515 1913 Deo
1533 1845 2213 1931 exsultantislaetitiam,

240 1962 377 2023 imo
409 1975 486 2020 ne
513 1950 779 2021 salutem
810 1944 1064 2037 quidem
1096 1941 1292 2032 ipsam
1325 1936 1555 2015 deefle3
1606 1934 1651 2002 si
1686 1941 1950 2004 Divinos
1979 1939 2124 2007 illos
2145 1942 2219 2012 li.

239 2045 392 2113 bros
419 2067 544 2112 non
585 2052 647 2111 in
695 2037 983 2108 manibus
1027 2034 1234 2102 solum
1281 2032 1344 2097 &
1389 2028 1621 2102 oculis,
1668 2026 1773 2094 sed
1820 2035 1879 2094 in
1925 2036 2067 2096 imis
2115 2057 2221 2120 pe-

238 2138 493 2206 storum
554 2131 878 2203 recessibus
937 2124 1225 2193 habeant.
1321 2125 1472 2188 Fieri
1520 2137 1731 2186 autem
1779 2128 2035 2187 omnino
2097 2147 2225 2195 non

243 2228 459 2320 potest
489 2282 506 2305 ‚
567 2233 724 2313 quin
777 2230 835 2287 aeis
881 2225 990 2306 qui
1038 2221 1183 2282 Deo
1229 2214 1403 2280 suam
1453 2209 1719 2302 gloriam
1752 2255 1767 2279 ‚
1845 2211 2230 2283 mortalibus

243 2319 512 2387 salutem
559 2311 834 2384 invidet,
889 2307 1108 2377 iisdem
1156 2305 1252 2373 his
1299 2303 1471 2370 libris
1501 2348 1521 2379 ‚
1582 2323 1745 2391 quos
1794 2301 1874 2368 ad
1920 2315 2088 2393 regni
2134 2307 2225 2376 sui

242 2416 583 2502 perniciem
633 2421 1040 2493 comparatos
1087 2404 1310 2473 novit,
1373 2403 1435 2461 in
1483 2392 1761 2461 furorem
1809 2393 1986 2459 actus
2021 2405 2223 2488 ringa-

243 2523 370 2570 tur.
471 2494 916 2591 Quamobrem
961 2488 1112 2557 nihil
1163 2488 1383 2576 reliqui
1428 2482 1579 2551 facit
1607 2538 1621 2561 ,
1673 2509 1805 2574 quo
1839 2492 2043 2553 minus
2075 2481 2224 2568 eOS,

252 2617 382 2684 qua
409 2602 505 2663 vi,
553 2613 680 2679 qua
710 2585 846 2653 astu
871 2639 886 2662 ,
938 2579 1305 2649 mortalium
1336 2575 1621 2645 manibus
1655 2583 1949 2642 excutiat.
2045 2580 2226 2648 Olim

252 2703 556 2776 tyrannos
584 2685 896 2751 incitavit,
947 2694 1020 2740 ut
1051 2671 1322 2761 undique
1355 2665 1739 2757 conquisitos
1770 2666 2041 2734 flammis
2076 2692 2226 2738 exu-

258 2796 496 2845 retent:
544 2773 791 2861 fuitque
835 2789 1031 2857 quum
1063 2784 1311 2854 partam
1360 2758 1468 2826 sibi
1515 2759 1880 2826 vifioriam.
1923 2755 2223 2829 deletam*

257 2892 381 2958 que
413 2862 656 2934 Christi
684 2862 1072 2951 religionem,
1109 2854 1212 2922 sed
1244 2851 1399 2919 falso
1433 2873 1507 2916 ac
1535 2848 1749 2915 stulte,
1783 2848 2222 2937 gratularetur,

159 3014 164 3018 ·
260 2963 584 3027 Haereticis
629 2962 821 3023 etiam
846 3002 873 3028 ,
922 2951 984 3015 &
1017 2944 1305 3039 proje&ae
1338 2941 1606 3009 audaciae
1648 2963 1718 3005 ac
1748 2939 2071 3028 prostituti
2111 2967 2226 3033 pu-

257 3050 428 3119 doris
476 3045 831 3117 hominibus
879 3039 1022 3108 usus
1071 3038 1197 3114 est,
1247 3042 1355 3124 qui
1401 3030 1729 3099 sceleratas
1775 3052 1998 3098 manus
2029 3033 2227 3102 sacra-

251 3142 494 3211 tiffimis
556 3137 787 3209 tabulis
832 3141 1177 3223 injicerent:
1243 3126 1344 3199 vel
1391 3123 1588 3213 ipsam
1634 3129 1922 3193 vitiantes
1958 3125 2228 3215 scriptu-

2054 3240 2191 3285 ram
2215 3267 2233 3294 ,
