2539 3612
2199 92 2215 114 2

321 170 438 243 458
850 163 1263 220 DrA‘rnrssss
1307 175 1401 215 DE·
1445 159 1800 214 LEGIONE

321 273 543 325 natricis
570 266 907 323 meminerit:
926 266 1189 322 nimirum
1217 260 1537 321 Duodecimae
1552 261 1697 318 illius
1715 263 1946 338 quaejam
1958 256 2052 315 sub
2069 257 2325 338 Augusto

321 346 446 404 fuit.
489 351 625 404 Pieri
664 348 812 402 enim
847 347 1063 423 potuit,
1107 344 1192 399 vel
1219 361 1279 399 ut
1311 345 1525 422 antiqua
1549 343 1832 420 legionum
1858 342 2188 418 cognomina
2218 345 2351 397 Dio*u

320 430 632 496 retinuerit,
677 424 890 503 insuper
927 425 1112 483 habito
1150 422 1255 480 hoc
1293 425 1549 481 noviore:
1593 423 1678 478 vel
1717 423 1912 491 etiam,
1957 440 2073 500 quae
2104 419 2324 476 Baronii

328 509 632 581 eonjeeiura
662 505 841 575 est,ut
867 529 929 562 ex
958 505 1158 563 duabus
1188 503 1493 583 Legionibus
1518 499 1978 559 Fulminatricibus
2014 500 2326 558 Alexandri

322 593 500 644 Severi
530 606 774 665 tempore
803 609 909 644 una
937 586 1100 643 fuerit
1124 584 1398 654 confecia;
1443 606 1609 662 eaque
1635 605 1751 662 quae
1779 603 1950 660 nuper
1976 581 2081 638 hoc
2113 604 2328 662 cogno-

322 671 472 725 mine
499 668 742 725 decorata
770 667 941 724 fuerat
971 666 1225 724 accensita
1247 668 1433 744 priori.
1480 665 1629 722 Idem
1646 685 1876 742 namque
1895 666 2000 718 Dio
2019 662 2221 722 ibidem
2237 683 2319 721 te-

323 747 486 805 statur
512 794 526 816 ,
585 747 851 805 exhaustas
891 748 1156 806 militibus
1193 750 1462 827 Legiones
1501 747 1614 801 aliis
1652 744 1978 823 quandoque
2017 743 2321 815 admisceri,

328 828 560 907 duasque
586 832 642 886 in
671 852 831 886 unam
858 828 1099 886 conflari.
1141 827 1401 897 Accedit,
1447 825 1596 905 quod
1624 827 1879 903 Scaligero
1906 823 2321 900 observante‚&

328 910 426 965 alia
454 915 606 990 Legio
634 913 996 967 Fulminatrix
1012 954 1027 979 ,
1043 909 1106 966 ab
1137 928 1360 989 utraque
1385 908 1481 964 hac
1507 904 1734 974 diversa,
1752 904 2073 981 Constantino
2099 907 2323 990 Porphy-

327 1009 596 1070 rogennetae
614 994 706 1068 stt3
729 995 786 1049 ῶς
817 996 846 1054 ἦ
869 989 1058 1064 myst-viv
1088 995 1114 1054 ἦ
1143 1005 1199 1045 M
1228 989 1508 1066 Μαρτύξων
1530 992 1732 1060 ἐλέγετο
1761 996 2322 1057 ΚΕΡΑΥΝΟΒΟΛΟΣ,

326 1085 408 1139 ³532?
438 1072 552 1134 ἄλλη
584 1070 834 1134 Πισιδική.
893 1079 1012 1129 Imo
1051 1093 1114 1128 ex
1154 1072 1339 1149 Goltfiz·
1375 1070 1613 1127 nummis
1645 1085 1816 1145 patet,
1851 1068 1940 1143 fi’x
1964 1065 2114 1124 fuiffe
2141 1072 2327 1148 Legio·

327 1172 414 1207 nes
438 1155 758 1218 Fulmineas,
804 1152 905 1209 suis
935 1153 1158 1232 singulas
1183 1153 1440 1231 cognomi
1450 1149 1606 1206 nibus
1632 1147 1916 1206 distinciaS.

410 1238 614 1290 LVIII.
662 1234 765 1291 Sed
795 1242 849 1291 &
878 1234 933 1291 id
956 1232 1106 1312 quod
1133 1232 1196 1290 de
1225 1235 1393 1288 literis
1426 1232 1599 1287 Marci
1626 1229 1966 1308 Imperatoris
1993 1228 2057 1286 ad
2072 1232 2327 1289 Senatum¹

325 1316 494 1370 nostri
527 1315 858 1372 tradiderunt
879 1359 894 1384 ,
939 1317 1028 1370 vix
1057 1312 1130 1370 est
1156 1332 1215 1370 ut
1242 1310 1544 1369 fabulosum
1573 1308 1671 1368 esse
1698 1312 1953 1389 potuerit.
2011 1312 2325 1370 Tantamne

323 1394 566 1452 innatam
606 1395 756 1466 fuisse
795 1396 1112 1452 Tertulliano
1139 1441 1154 1465 ‚
1201 1396 1320 1451 viro
1360 1388 1690 1472 perspicaci,
1733 1387 1899 1458 seri0‚
1943 1393 2124 1466 gravi,
2170 1397 2226 1447 δε
2261 1395 2322 1449 in

322 1477 491 1533 multa
516 1475 805 1534 hominum
829 1479 944 1534 luce
969 1474 1203 1542 versatO,
1245 1474 1579 1539 vecordiam,
1617 1488 1678 1526 ut
1699 1473 1755 1525 in
1781 1490 1834 1524 re
1860 1487 1968 1525 tam
1996 1471 2324 1528 memorabi-

322 1556 396 1629 li,
441 1564 587 1632 cujus
625 1558 793 1616 adhuc
820 1557 974 1614 testes
1004 1559 1273 1621 viverent,
1320 1556 1415 1631 qui
1444 1549 1718 1606 mendacia
1741 1548 2053 1627 redarguere
2080 1550 2323 1627 possent,

327 1637 443 1693 imo
469 1645 522 1694 &
552 1660 731 1694 coram
758 1640 859 1694 illis
889 1639 985 1715 qui
1013 1635 1347 1691 Christianos
1376 1633 1580 1708 alioqui
1605 1631 1710 1685 levi
1738 1649 1801 1683 ex
1829 1627 1992 1684 cauffa
2007 1628 2245 1688 deridere
2259 1653 2318 1689 ac

327 1716 514 1796 jurgiis
554 1717 794 1774 inseciari
830 1716 1059 1772 solerent
1084 1759 1099 1782 ‚
1154 1733 1261 1769 tam
1298 1710 1568 1789 splendide
1606 1711 1970 1765 mentiretur?
2026 1710 2319 1787 praesertim.

328 1817 500 1874 quum
526 1795 880 1875 gravissimam
907 1812 1087 1874 ageret
1115 1791 1319 1850 causam
1335 1812 1463 1869 3pro
1493 1789 1622 1848 fidei
1647 1788 1959 1847 Christianae
1973 1792 2320 1864 veritatesti-

328 1891 488 1956 taque
530 1876 962 1933 Christianorum
988 1877 1210 1932 innoxia
1237 1894 1516 1952 perorans:
1562 1893 1732 1951 quum
1758 1869 1923 1928 cauffa
1946 1870 1996 1928 se
2023 1873 2204 1931 cadere
2236 1876 2325 1932 in·-

325 1960 621 2039 telligeret,
659 1957 696 2014 fi
730 1959 815 2014 vel
837 1958 1053 2013 levioris
1080 1956 1345 2013 mendacii
1370 1955 1622 2010 convinci
1651 1949 1930 2030 potuisset:
1957 1974 2127 2032 quum
2153 1957 2328 2012 maxi-

326 2060 480 2096 mum
505 2039 701 2097 fraudis
727 2040 929 2096 crimen
957 2036 1283 2102 incurrisset,
1329 2035 1398 2107 fi,
1442 2055 1557 2114 quae
1584 2053 1729 2111 parta
1762 2034 1887 2089 esset
1910 2037 2112 2092 meritis
2138 2041 2320 2115 Impe-

327 2124 517 2178 ratoris
544 2122 803 2193 vicioria,
828 2141 945 2176 eam
970 2117 1288 2175 Christianis
1314 2116 1415 2173 suis
1440 2113 1805 2172 transcriberet
1833 2137 1845 2170 ε
1879 2135 2049 2192 quum
2081 2115 2317 2195 denique

330 2197 383 2256 se
418 2205 503 2260 vel
531 2222 592 2261 ut
629 2220 1008 2259 temeratorem
1032 2202 1251 2257 Divina-³
1292 2198 1641 2274 humanaeque
1668 2193 1798 2250 fidei
1836 2237 1851 2262 ,
1921 2196 2006 2250 vel
2042 2214 2103 2252 ut
2137 2195 2322 2254 homi-

329 2302 458 2340 nem
496 2282 739 2341 insanum
776 2303 832 2339 ac
872 2280 1132 2337 furiosum
1156 2325 1172 2349 ,
1241 2279 1356 2336 odii
1407 2277 1514 2355 ipse
1550 2275 1755 2355 publici
1793 2275 2068 2332 victimam
2092 2276 2325 2346 fecisset,

327 2361 460 2420 falso
495 2365 560 2422 ad
600 2386 681 2420 eas
708 2363 1049 2440 Imperatoris
1074 2358 1419 2439 provocando
1443 2360 1648 2428 literaS,
1691 2378 1817 2435 quas
1844 2357 1900 2412 in
1934 2377 2112 2414 rerum
2137 2377 2322 2416 natura

328 2462 610 2522 nunquam
638 2441 789 2498 fuisse
817 2459 961 2497 totus
991 2445 1210 2498 Senatus
1239 2438 1574 2520 populusque
1601 2437 1797 2495 sciebat
1821 2438 2122 2496 Romanus.

408 2527 551 2581 LIX.
594 2524 735 2579 Non
769 2541 950 2578 tamen
976 2525 1101 2600 quia
1129 2524 1253 2580 tales
1279 2524 1413 2578 olim
1439 2523 1613 2578 literas
1642 2516 1882 2575 exstitisse
1914 2519 2321 2589 credimusme-

331 2603 461 2664 teffe
488 2604 561 2661 est
589 2623 649 2660 ut
679 2605 970 2680 opinemur
994 2603 1103 2660 illas
1129 2624 1402 2683 germanas
1432 2600 1530 2659 effe
1560 2622 1677 2680 quae
1703 2602 1760 2657 in
1790 2601 1939 2655 Beati
1965 2601 2172 2678 Jqstini
2184 2623 2319 2681 ope-

332 2685 482 2746 ribus
505 2707 648 2743 nunc
677 2686 840 2762 vulgo
869 2683 1123 2741 visuntur.
1170 2685 1340 2742 Facile
1364 2686 1511 2740 enim
1526 2679 2014 2740 adsensumanobis
2035 2685 2324 2761 impetrant

333 2770 593 2848 Scaliger,
619 2767 922 2843 Salmasius,
952 2768 1206 2831 Huetius,
1231 2765 1503 2823 afferentes
1536 2762 1788 2821 conficias
1814 2783 1895 2818 eas
1921 2759 2019 2820 esse
2046 2763 2109 2821 ab
2140 2766 2323 2844 aliquo

334 2871 450 2908 non
478 2847 851 2915 erudit0,non
877 2846 1104 2912 Graec0,
1126 2845 1214 2905 sed
1237 2846 1590 2904 semibarbaro
1615 2844 1854 2901 homine.
1895 2846 2107 2902 Scilicet
2124 2868 2324 2926 ,quum

333 2949 579 2988 verarum
603 2929 758 3007 copia
775 2968 794 2999 ‚
831 2949 958 3007 quas
981 2949 1170 2984 omnes
1194 2927 1388 2985 exstare
1415 2928 1500 2984 vel
1525 2925 1769 2983 exstitisse
1797 2922 2112 2996 credebant,
2157 2929 2321 3006 vulgo

334 3031 450 3068 non
478 3007 630 3066 fieret
644 3055 659 3079 ,
702 3010 901 3087 placuit
924 3011 1249 3072 nonnemini
1271 3011 1502 3071 aliorum
1526 3007 1825 3070 credulitati
1847 3001 2055 3073 infelici
2078 3007 2174 3068 hac
2196 3006 2318 3086 sup·

330 3090 603 3172 positione
628 3089 871 3153 illudere,
2197 3164 2298 3225 LX

2300 3200 2314 3218 .
