2539 3612
598 135 998 197 Tmntmus
1040 136 1422 194 IsRAEms.
1467 135 1644 198 CAP.
1690 143 1810 199 111.
2076 172 2186 232 339

181 257 244 298 ne
277 241 392 320 quis
422 259 646 319 unquam
682 262 746 295 ex
782 240 971 315 Iftae'le
1010 239 1239 297 comedat
1263 241 1501 319 fruflum
1535 261 1627 301 aut
1661 243 1937 303 buccellam
1965 252 2170 311 Cuthaei.

175 325 330 378 Hinc
362 319 539 377 dicunt
566 343 583 377 .·
626 326 908 399 quicunque
945 320 1163 378 comedit
1198 343 1404 379 carnem
1444 324 1662 396 Cuthaei,
1708 334 1756 384 is
1792 330 2011 404 vescitur
2031 340 2170 411 quasi

173 421 328 459 carne
346 407 574 485 porcina.
631 400 799 458 Unde
827 419 1000 479 patet,
1046 405 1214 483 magis
1243 404 1500 462 Cuthaeos
1525 407 1720 486 Judaeis
1744 407 1958 468 horrori
1984 410 2165 484 fuiffe,

173 505 334 562 quam
359 502 545 562 gentes
571 483 692 539 alias
718 480 1089 562 quascunque,
1137 506 1363 563 quarum
1388 486 1578 544 eduliis
1606 489 1742 546 vesci
1769 490 1951 562 licuit,
1992 495 2162 553 modo

168 564 524 621 immunditiae
564 562 758 619 abeffet
792 560 1037 643 suspicio.
1123 571 1247 622 Imo
1284 588 1351 623 ne
1386 588 1486 645 pro
1523 589 1686 646 gente
1714 572 1935 649 quidem
1962 574 2163 634 censeri

170 665 264 701 eos
297 645 489 702 volunt
525 645 664 701 inter
689 663 813 701 LXX
838 646 1072 722 populos
1089 690 1105 714 ‚
1151 646 1348 725 quibus
1375 667 1645 727 nugantur
1670 654 1857 708 Deum
1884 653 2002 729 post
2025 677 2162 714 con-

165 723 436 782 fusionem
460 726 766 803 linguarum
790 723 982 781 orbem
1009 745 1267 784 terrarum
1295 728 1392 786 effe
1420 732 1694 807 partitum.
1722 734 1851 789 Huc
1875 732 2002 792 facit
2027 738 2161 795 illud

162 806 417 886 Syraez'du
442 804 789 863 Ecclefiastici
830 825 921 862 L.2
934 827 986 874 7.
1005 809 1096 865 28.
1138 812 1287 867 Duas
1301 827 1479 888 gentes
1503 811 1612 867 odit
1636 818 1817 870 anima
1844 836 1955 872 mea
1972 838 1988 872 :
2006 825 2160 876 tertia

161 902 333 943 autem
359 908 462 942 non
487 887 552 965 est
568 909 697 967 gens
722 912 737 956 3
782 890 894 967 Qi
907 887 1082 964 sedent
1105 894 1162 945 in
1186 908 1352 946 monte
1375 897 1517 963 δεῖν,
1560 893 1848 972 Philistum
1865 941 1879 966 ‚
1926 910 2005 956 Θ*
2020 900 2160 977 stul-

160 982 243 1025 tus
268 971 487 1050 populus
526 975 617 1048 qui
643 964 844 1026 habitat
870 974 926 1024 in
949 968 1223 1043 Sichimis‚
1268 972 1325 1030 id
1348 971 1452 1042 cst,
1498 973 1713 1032 Sichem
1738 976 1871 1034 urbe
1898 981 2155 1038 Samariae.

241 1053 360 1110 XX.
405 1050 676 1116 Caeterum
715 1048 823 1106 haec
849 1051 1199 1130 intelligenda
1223 1053 1475 1112 videntur
1499 1054 1562 1112 de
1579 1057 1762 1139 priscis
1790 1059 1892 1114 illis
1918 1065 2157 1117 Samari-2

157 1137 328 1201 tanis,
372 1133 467 1210 qui
496 1135 727 1188 Gentiles
752 1150 910 1211 atque
936 1132 1214 1191 idololatra
1239 1152 1404 1192 erant.
1478 1137 1631 1194 Nam
1664 1157 1728 1193 ex
1753 1160 1865 1218 quo
1896 1140 2184 1211 Israelita-,

151 1232 275 1270 rum
326 1211 614 1270 connubiis
665 1214 918 1290 impliciti
957 1214 1212 1294 religioni
1250 1238 1442 1273 eorum
1481 1216 1606 1275 faeti
1647 1217 1768 1276 sunt
1812 1221 2105 1279 viciniores
2129 1267 2146 1294 ‚

150 1295 333 1371 paullo
372 1294 556 1349 mitius
593 1293 658 1350 de
690 1292 815 1369 ipsis
839 1294 1133 1366 judicatum
1160 1294 1252 1352 est.
1335 1300 1592 1357 Fateatur
1615 1302 1765 1358 enim
1789 1301 2144 1381 Talmudistae,
2172 1300 2411 1393 Rha-Hi&

148 1373 300 1452 quod
336 1391 521 1432 ι-ιπτηω
561 1392 741 1431 :wi-nn
766 1392 859 1447 pat<
886 1392 1025 1430 terra
1055 1383 1501 1436 Samaritanorum
1525 1380 1717 1439 munda
1742 1384 1845 1456 effit
1863 1424 1880 1450 ‚
1925 1396 2004 1440 (γ
2015 1386 2144 1461 fon-
2170 1363 2421 1459 *z‘i'rssfoxi‘igssc

147 1469 222 1510 tes
255 1453 439 1512 mundi
456 1499 470 1523 ,
517 1467 595 1512 <9⁰
619 1457 896 1533 manfiones
921 1455 1144 1524 mundae,
1191 1468 1267 1512 (Γ
1281 1458 1467 1532 semitm
1489 1461 1697 1520 munda.
1784 1462 2143 1541 Disputarunt
2167 1471 2199 1499 ‘³‘
2218 1474 2259 1508 4·

148 1537 311 1593 etiam
334 1537 579 1593 Vnstualia
602 1535 843 1615 ipsorum
872 1536 1018 1593 licita
1043 1534 1143 1594 effe
1167 1580 1184 1606 ‚
1227 1538 1398 1596 modo
1428 1563 1544 1597 non
1569 1542 1694 1599 effer.
1718 1543 2017 1604 immistum
2043 1569 2142 1604 eo-

144 1636 266 1673 rum
290 1618 481 1673 vinum
505 1634 663 1695 atque
691 1635 915 1673 acetum.
962 1623 1082 1674 Imo
1109 1622 1162 1675 &
1189 1620 1254 1674 A
1260 1641 1413 1700 zyma
1440 1620 1750 1680 Cuthaeorum
1773 1625 2015 1704 permissa
2042 1627 2139 1685 effe
2165 1620 2256 1714 1¹:³2?
2273 1621 2434 1714 {idducss

148 1695 497 1766 censuerunt,
524 1696 776 1775 pofl'eque
802 1696 1089 1755 Israelitam
1113 1700 1213 1755 rite
1238 1701 1304 1756 iis
1329 1703 1410 1757 uti
1441 1705 1499 1760 in
1524 1703 1787 1762 paschate.
1832 1706 2034 1765 Mansit
2061 1727 2135 1766 ta·
2164 1687 2293 1769 celsi„
2318 1705 2329 1716 ”

143 1799 274 1834 men
299 1798 619 1856 perpetuum
645 1776 866 1847 odium,
900 1799 1124 1839 omnem
1147 1782 1548 1858 propemodum
1574 1782 1884 1843 officiorum
1911 1791 2140 1846 comita-

145 1878 256 1915 tem
282 1859 580 1916 excludens.
625 1862 679 1915 A
708 1861 976 1916 Samaritis
999 1861 1148 1916 enim
1176 1880 1368 1918 mutuo
1394 1864 1598 1945 aliquid
1621 1884 1710 1924 aut
1734 1870 1897 1949 gratis
1924 1872 2134 1949 accipe·-

148 1960 236 2011 re,
281 1938 429 1997 nefas
457 1938 554 1995 fibi
580 1938 786 2017 semper
810 1939 1046 1998 Israelita?
1072 1940 1356 2000 duxerunt.

223 2024 372 2087 XXI.
415 2024 622 2076 Lucem
657 2018 766 2076 haec
802 2019 1135 2077 foenerantur
1157 2020 1389 2081 historiae
1411 2024 1784 2107 Euangelicae:
1824 2028 1952 2089 hinc
1983 2035 2133 2092 enim

137 2103 381 2162 videmus
395 2145 411 2171 ,
426 2123 519 2158 cur
543 2108 597 2158 &
618 2103 898 2159 Dominus
921 2101 1070 2182 Jesus
1088 2108 1351 2161 Samaritae
1374 2109 1685 2167 'meminerit
1708 2109 2132 2172 misericordiam

135 2182 365 2263 spoliato
402 2184 788 2263 vulneratoque
825 2205 854 2239 a
886 2182 1186 2241 latronibus
1208 2186 1403 2243 viatori
1428 2187 1716 2267 praestantis
1739 2195 1872 2251 Luc.
1888 2215 1936 2250 x.
1957 2216 2045 2274 33.
2075 2201 2132 2253 δε
2203 2266 2208 2270 .

134 2267 332 2324 mulier
365 2265 452 2320 illa
490 2267 807 2322 Samaritana
840 2266 1096 2323 Domino
1137 2264 1360 2324 dixerit:
1390 2270 1634 2347 quomodo
1657 2288 1713 2329 tu
1738 2271 1954 2350 Judaeus
1972 2272 2129 2357 quum

122 2347 199 2425 fis
225 2362 403 2432 potum
437 2367 472 2401 a
507 2367 586 2401 me
611 2346 770 2429 poscis
794 2390 812 2416 ‚
853 2369 954 2426 quae
975 2348 1092 2423 sum
1126 2349 1311 2406 mulier
1344 2354 1683 2409 Samaritana
1712 2374 1729 2409 .·
1787 2361 1815 2411 ἐ
1858 2357 1957 2430 γοὶρ
1997 2381 2127 2433 ‹roy-

131 2435 358 2502 χρῶνται
397 2429 598 2483 'luciana
639 2437 977 2503 Σαμαρείταις
1000 2473 1017 2499 ,
1062 2449 1161 2485 non
1195 2434 1333 2488 enim
1370 2445 1582 2490 utuntur
1618 2433 1799 2515 Judaei
1823 2441 2119 2497 Samariti5‚

129 2507 258 2588 Joh.
281 2529 363 2566 1v.
377 2532 433 2584 9.
521 2514 658 2589 Qae
693 2508 958 2588 postrema
989 2509 1151 2567 verba
1191 2510 1420 2571 dubium
1447 2513 1521 2571 est
1545 2537 1612 2576 an
1637 2518 2004 2591 Samaritidis‚
2048 2543 2116 2580 an

126 2589 398 2669 Johannz's
433 2590 553 2653 fint.
627 2590 911 2655 Nimirum
944 2591 1156 2672 Judaeus
1190 2612 1255 2649 ex
1279 2596 1463 2672 patriis
1485 2594 1742 2656 institutis
1764 2620 1832 2656 ne
1858 2597 2115 2680 frigidam

128 2667 458 2729 Samaritano
494 2671 614 2729 dare
651 2674 782 2730 velit
807 2717 822 2743 ‚
865 2694 965 2730 nec
1003 2675 1106 2735 iter
1137 2673 1432 2734 monstrare
1454 2721 1470 2748 ‚
1515 2699 1614 2735 nee
1638 2676 1868 2736 fonte-m.
1952 2684 2108 2741 Hinc

123 2752 475 2813 memorabile
508 2751 680 2815 visum
719 2752 793 2811 est
826 2757 1079 2819 Domino
1106 2799 1124 2826 ,
1167 2755 1318 2836 quod
1339 2763 1701 2816 Samaritanus
1728 2761 1919 2840 aliquis
1946 2783 2104 2822 com-

124 2838 313 2892 munia
363 2833 704 2893 humanitatis
745 2833 922 2894 officia
957 2838 1147 2895 melius
1186 2839 1397 2898 calleret
1432 2839 1802 2921 promtiusque
1842 2841 2107 2920 praestaret

120 2934 286 2994 quam
325 2916 568 2973 Sacerdos
604 2935 694 2974 aut
732 2922 924 2979 Levita
950 2962 967 2988 ‚
1010 2917 1168 2998 seque
1195 2926 1492 3003 proximum
1522 2921 1718 3004 Judaeis
1742 2922 1994 3002 probaret
2015 2971 2033 2996 ‚
2074 2949 2104 2984 a

118 2996 318 3076 quibus
343 2996 430 3055 sua
452 3019 583 3079 gens
608 3016 753 3056 tanta
776 2997 1139 3079 excipiebatur
1164 3000 1569 3062 inhumanitate.
1613 3005 1821 3062 Mirum
1865 3027 1931 3063 ue
1956 3007 2109 3066 vide·

117 3074 272 3141 batur
299 3078 565 3151 foeminae,
602 3081 752 3160 quod
776 3102 804 3138 a
826 3081 876 3139 se
900 3099 1106 3162 peteret
1127 3080 1305 3164 JesuS‚
1330 3106 1447 3163 quae
1471 3087 1722 3146 Samarita
1744 3084 1830 3145 fru
1877 3109 1932 3145 ra
1955 3111 1983 3146 a
2003 3091 2106 3170 Ju—

1172 3167 1229 3223 V
1256 3186 1289 3224 v
1336 3184 1365 3227 ι
1990 3169 2104 3227 daeo
