2539 3612
676 132 723 187 L
766 147 788 188 1
829 147 883 187 n.
927 127 1047 182 111.
1133 122 1193 182 C
1228 141 1273 186 A
1316 141 1365 182 P.
1409 122 1596 182 V111.
2023 147 2137 206 239

149 234 244 294 suo
269 232 489 293 arbitrio
513 220 789 312 agentium
815 229 1015 287 facium
1039 245 1318 285 memorat.
1398 230 1478 283 lta
1502 227 1650 283 enim
1673 224 1833 284 verba
1857 228 2020 306 Legis
2044 229 2132 286 in-

149 319 360 396 cipiunt
395 335 412 373 ·:
467 317 610 371 Licet
646 311 858 392 quidam
906 314 1291 394 eAEgyptiorum
1343 307 1532 364 idcirco
1571 321 1692 365 (fc.
1781 309 1978 364 Tertio
2007 352 2022 377 ‚
2078 309 2140 366 id>

148 400 515 477 qualecunque
541 391 882 472 quorundam
906 395 1287 472 &Egyptiarum
1315 387 1619 446 institutam
1647 408 1767 446 tum
1789 388 2008 447 demum
2036 387 2132 446 ha—

153 476 313 534 bebat
337 479 546 544 locum,
590 472 808 553 quando
833 491 1175 529 mortuorum
1199 469 1424 528 fratrum
1460 476 1716 549 conjuges
1751 491 1976 548 corpore
2017 491 2138 526 non-

151 553 543 624 convenissent,
586 554 718 611 adeo
744 571 806 610 ut
828 551 948 631 post
971 575 1162 610 eorum
1197 569 1431 608 mortem
1466 553 1701 630 virgines
1728 549 1961 608 mansisse
1986 549 2132 607 dice-

149 655 355 704 rentur,
400 635 541 691 unde
565 633 955 691 arbitrabantur
992 636 1196 712 priores
1220 634 1432 710 nuptias
1457 653 1572 688 non
1599 632 1770 688 videri
1794 653 1849 688 re
1875 629 1973 688 effe
2000 652 2136 687 con-

146 719 347 774 ‘trafflis
394 722 530 794 Qae
553 715 619 771 ab
634 714 961 770 Hebraeorum
985 713 1263 783 institutO,
1289 719 1343 770 &
1369 715 1549 768 Onani
1573 714 1850 791 conjugio,
1877 732 2140 791 perquam-

147 798 318 853 aliena
347 795 482 852 sunt.
568 798 680 852 Hic
720 797 867 852 enim
903 793 1302 874 supponebatur
1326 797 1531 873 priores
1555 796 1766 872 nuptias
1791 814 1845 849 re
1872 791 1969 849 effe
1999 813 2135 849 con-

146 878 326 934 tractas
355 900 367 935 :
411 882 466 933 δε
507 875 670 934 frater
700 875 848 934 fratri
885 879 942 933 in
970 875 1204 951 ejusdem
1239 878 1421 932 uxoris
1460 877 1851 932 communione
1882 872 2132 930 succede-

147 956 267 1027 bat,
312 958 376 1016 ad
398 956 751 1016 suscitandum
775 959 921 1015 fratri
946 957 1233 1016 demortuo
1261 955 1471 1026 semen,
1516 961 1571 1012 δέ
1596 954 2008 1012 conservandam
2029 953 2139 1010 hae-

149 1038 428 1095 feditatem
454 1045 579 1113 ejus
635 1038 798 1095 Nihil
819 1060 949 1119 ergo
972 1038 1224 1096 hacienus
1260 1037 1511 1116 probavit
1533 1036 1882 1092 Marshamus
1901 1056 1918 1090 .·
1967 1055 2147 1114 quum.

152 1116 289 1177 istud
315 1122 684 1199 qualecunque
710 1119 1049 1200 quorundam
1074 1125 1422 1202 AEgyptiornm
1451 1116 1650 1174 facium
1676 1134 1797 1173 toto
1823 1135 2019 1194 genere
2048 1114 2132 1171 di-

152 1197 252 1256 stet
276 1223 303 1256 a
325 1208 436 1274 jure
467 1206 747 1257 Leviratm
768 1221 930 1280 prout
954 1203 1095 1257 inter
1120 1198 1357 1257 Hebraeos
1381 1198 1650 1256 obtinuit,

237 1284 308 1336 V.
354 1283 647 1358 Multoque
674 1280 842 1337 adhuc
867 1285 1045 1338 minus
1071 1279 1299 1359 probat,
1328 1280 1385 1338 id
1408 1279 1556 1360 quod
1583 1278 1647 1335 de
1677 1282 1966 1361 eAEgyptiis
1993 1280 2147 1332 Zeno:

149 1358 412 1439 Augustus
447 1377 620 1415 narrat
650 1360 805 1436 Judae
839 1381 959 1417 aevo
976 1364 1249 1439 antiquius
1273 1358 1392 1416 effe.
1475 1362 1686 1416 Mirum
1713 1358 1788 1414 est
1813 1358 1877 1416 ad
1900 1379 2027 1437 quas
2052 1359 2143 1412 ina

150 1444 316 1518 eptias
340 1442 445 1498 Vir
466 1439 820 1498 Doffcisfimus
845 1438 1131 1498 delabatur.
1187 1441 1418 1495 Dixerat
1439 1438 1709 1506 Seldenm,
1753 1438 2139 1517 Magistrorum

149 1523 357 1601 aliquos
393 1521 614 1578 caussam
648 1527 703 1578 &
741 1520 1048 1601 mysterium
1085 1519 1328 1599 conjugii
1360 1517 1514 1591 hujus
1551 1515 1740 1574 fratriae
1778 1524 1832 1574 &
1861 1523 2047 1574 Leviri
2077 1538 2146 1572 ex

152 1601 592 1684 Metempsychosts
628 1601 806 1661 nescio
841 1625 946 1681 qua
969 1603 1235 1680 opinione
1260 1597 1548 1678 petendam
1570 1598 1917 1655 contendere.
2004 1594 2155 1654 Sub-ff

151 1681 316 1739 sumit
342 1681 718 1752 Marshamus‚
736 1685 932 1760 opinio
956 1680 1050 1738 ista
1072 1702 1141 1737 ex
1164 1686 1411 1763 eAEgypto
1439 1674 1561 1738 nata
1584 1677 1675 1737 est.
1705 1678 1873 1739 Unde
1902 1677 2143 1736 inferena

151 1762 283 1820 dum
306 1761 543 1821 videtur:
581 1783 711 1841 ergo
738 1769 791 1819 δε
817 1760 989 1841 ipsum
1012 1767 1091 1836 jus
1115 1766 1438 1818 Levirorum.

425 1845 476 1897 O
502 1864 608 1898 rem
635 1843 945 1912 ridiculam,
974 1848 1129 1912 Cato,
1156 1840 1512 1924 &jocofisz

152 1925 356 1983 Ideone
392 1925 540 1981 enim
574 1944 760 1980 verum
797 1923 873 1980 est
907 1945 971 1981 ex
998 1923 1434 2006 Metempffichofis
1455 1924 1723 2002 opinione
1747 1940 1919 1980 ortam
1947 1920 2010 1979 de
2036 1917 2155 1976 fra-v

153 2009 374 2064 triarum
409 2002 696 2061 connubio
724 2005 903 2084 legem
925 2047 942 2073 ,
987 2006 1113 2083 quia
1139 2002 1410 2083 Magistris
1433 2002 1750 2083 quibusdam
1773 2049 1788 2074 ‚
1833 2003 2017 2081 vappis
2039 2000 2146 2058 ho-

155 2088 367 2143 minum
393 2130 408 2155 ‚
453 2087 526 2142 ita
559 2082 783 2142 insanire
809 2086 1009 2163 placuit
1032 2090 1053 2140 ?
1100 2083 1302 2142 Ideone
1329 2087 1581 2163 antiquos
1609 2087 1683 2141 ita
1705 2083 1955 2142 censuiffe
1983 2103 2145 2160 appa-

155 2187 236 2223 ret
260 2211 275 2236 ,
320 2168 447 2246 quia
481 2169 803 2223 recentiores
826 2209 843 2236 ‚
887 2186 1024 2246 quos
1050 2186 1174 2221 cum
1199 2167 1402 2241 Spiritu
1425 2166 1539 2219 Dei
1567 2186 1717 2222 mens
1744 2164 1853 2242 ipsa
1876 2169 1929 2220 &
1956 2161 2145 2219 sanitas

154 2245 439 2303 destituiffe
463 2245 702 2316 videtur,
745 2264 852 2304 tam
875 2247 1152 2326 pueriliter
1177 2244 1439 2302 delirant?
1483 2242 1598 2321 Ipse
1622 2266 1690 2300 ne
1715 2248 1838 2314 Tu,
1876 2242 2143 2299 Marsha-
2201 2257 2206 2261 ’

148 2348 235 2382 me
257 2370 274 2397 ‚
318 2326 485 2384 eredis
509 2371 526 2397 ,
569 2325 726 2384 istam
743 2326 1206 2412 Metempsychofios
1228 2327 1554 2405 opinionem
1580 2325 1692 2404 legi
1715 2324 1841 2382 huic
1866 2325 2143 2402 originem

155 2405 398 2465 dediffe?
444 2409 500 2464 Si
533 2427 648 2465 non
686 2408 851 2467 credis
875 2453 892 2480 ‚
934 2411 1015 2467 uti
1050 2426 1103 2465 te
1138 2428 1255 2465 non
1291 2406 1504 2464 credere
1541 2403 1620 2463 sat
1649 2404 1800 2477 scio,
1846 2425 1938 2462 cur
1964 2402 2153 2460 solidae·

157 2487 478 2546 eruditionis
519 2486 823 2569 subactique
846 2490 1032 2567 judicii
1055 2490 1135 2547 tui
1160 2486 1361 2546 famam
1380 2506 1491 2546 tam
1518 2487 1712 2566 ineptae
1736 2485 2034 2545 committis
2059 2504 2142 2541 ar-

159 2571 558 2647 gumentationi
579 2574 601 2625 ?
1274 2635 1278 2640 ¹
2041 2628 2046 2631 .

240 2655 342 2725 VI'.
398 2656 622 2731 Qanto
658 2648 859 2708 inscitis-
892 2650 1000 2709 istis
1034 2645 1586 2709 commentationibus
1619 2646 1842 2705 solidior
1868 2645 1944 2704 est
1966 2653 2141 2705 Fran-

141 2731 277 2807 'tisci
294 2732 466 2811 *Juniz'
490 2729 644 2811 super
665 2732 770 2789 hoc
792 2732 973 2790 Onani‘
989 2733 1129 2791 facito
1156 2734 1369 2824 elegans
1393 2750 1450 2787 ac
1474 2734 1562 2808 pia
1584 2728 1907 2788 dissertatio?
1954 2735 2141 2808 Qam

126 2819 129 2823 ⁴
160 2826 276 2870 non
310 2814 513 2891 poterit
545 2815 820 2893 ingratum
848 2813 946 2871 effe
979 2813 1197 2871 Lectori
1229 2820 1268 2871 11
1301 2813 1390 2870 hic
1426 2831 1647 2891 quoque
1682 2810 1938 2867 inveniat.
2019 2812 2153 2864 Hic·

159 2912 280 2950 vero
296 2937 313 2963 ,
343 2896 550 2974 inquit,
573 2893 764 2975 quaestz'o
792 2894 1005 2965 incidit,
1032 2894 1164 2951 unde
1186 2893 1324 2974 Juda
1348 2891 1477 2950 illud
1498 2891 1717 2969 hauserit
1738 2888 1802 2945 de
1808 2887 1927 2967 filii
1947 2887 2134 2966 defun-

161 2974 230 3031 eli
261 2978 468 3056 conjuge
483 2975 606 3053 filio
642 2978 798 3032 alteri
831 2974 1077 3032 elocanda
1101 3019 1117 3046 ‚
1173 2990 1252 3044 <93⁴
1279 2997 1374 3055 quo
1395 2975 1517 3055 'jure
1531 2965 1767 3053 fecerit?
1821 2973 1974 3029 Nam
1999 2970 2133 3026 hanc

162 3057 323 3136 legem
355 3055 563 3114 videtur
588 3061 755 3140 primo
787 3060 940 3134 tulzffi’
961 3060 1219 3138 Dominus
1245 3062 1299 3112 in
1326 3054 1454 3114 libro
1478 3056 1882 3113 Deuteronomii.
1921 3050 2139 3187 Rejplon-

203 3175 206 3177 >
2042 3152 2158 3190 eze-31
