2371 3612
679 130 745 197 D
794 133 845 199 E
894 132 957 197 D
1004 134 1033 196 I
1086 127 1149 196 C
1202 133 1265 194 A
1312 129 1377 197 Τ
1427 128 1463 196 Ι
1510 131 1592 196 Ο.

137 238 331 309 haesit.
429 242 711 329 Fierique
758 250 867 310 vix
928 240 1110 307 aliter
1140 249 1390 331 potuit,
1443 249 1594 332 quin
1624 248 1732 331 qui
1765 250 2042 331 primum
2078 253 2138 313 i'n

137 339 422 424 AEgypto
456 331 787 400 hauserant
818 333 1104 423 spiritum
1126 387 1141 410 ,
1193 341 1382 400 tantis
1419 333 1958 403 neceffitudinibus
1990 360 2142 404 cum-

140 431 456 515 AEgyptiis
480 425 680 509 junffi
705 479 719 502 ‚
771 445 873 492 tot
906 433 1097 492 etiam
1134 422 1487 493 infortuniis
1518 434 1579 494 in
1609 432 1892 517 AEgypto
1925 436 2150 496 vexati.

140 536 331 604 atque
382 512 596 593 fracti,
649 525 826 584 avitae
874 517 1185 607 religionis
1217 517 1559 607 reliquias,
1607 517 1800 586 solius
1833 518 2139 587 Cabbalae

139 620 267 698 ope
298 628 590 696 acceptas
623 608 1045 699 servatasque,
1081 605 1298 677 senfim
1331 610 1636 678 oblivioni*
1668 610 1983 680 traderent
2003 667 2016 688 ‚
2040 636 2142 679 ea-

140 723 411 790 rumque
462 702 644 778 loco,
695 698 877 767 fatali
918 701 1370 790 superstitionis
1403 709 1784 792 AEgyptiacae
1818 703 1922 772 lue
1953 704 2139 780 taffi,

141 800 396 860 tetricas
445 790 852 859 dominorum
903 793 1161 859 suorum
1197 801 1418 862 naenias
1451 794 1815 882 deperirent.
1913 795 2146 864 Insulsa·

145 903 360 952 autem
394 884 512 951 ista
543 883 876 973 plebecula
903 893 1060 954 inter
1092 884 1318 953 lateres
1358 910 1430 952 ac
1467 885 1642 954 idola
1673 906 1823 954 nata
1843 887 2021 977 ,post
2039 904 2144 956 tot

143 999 449 1044 annorum
483 976 664 1044 usum
697 1000 939 1055 moreS,
973 976 1147 1068 quasl
1185 985 1245 1045 in
1277 987 1512 1067 primas
1549 985 1902 1046 animarum
1933 999 2145 1047 textu-

143 1090 244 1135 ras
297 1068 600 1147 tradit08‚
650 1091 902 1159 repente
949 1093 1176 1138 exuere
1225 1094 1349 1138 non
1395 1090 1599 1137 norat.
1695 1069 2156 1161 Quamobrem-

143 1161 501 1250 periculosae
549 1161 808 1251 plenum
850 1185 1012 1249 opus
1060 1161 1204 1229 aleae
1240 1161 1549 1252 aggressus
1582 1160 1814 1239 fuisset,
1864 1161 2145 1252 quisquis

148 1251 565 1319 Hebraeorum
626 1249 956 1319 infantiam
1005 1253 1083 1318 ab
1118 1253 1249 1320 istis
1287 1261 1548 1344 AEgypti
1578 1252 1891 1342 seculique
1919 1255 2144 1324 ritibus

145 1366 181 1411 e
211 1340 474 1434 vestigio
508 1340 828 1410 studuisset
861 1343 1194 1410 ablactare.
1260 1346 1321 1410 Si
1355 1354 1517 1411 enim
1548 1344 1630 1412 ad
1660 1366 1954 1436 tempora
1988 1371 2143 1435 prae-

142 1443 330 1504 terita
358 1433 584 1503 oculos
622 1432 1002 1512 referanmS,
1055 1442 1441 1502 mutationes
1473 1436 1717 1524 quasvis
1752 1446 2103 1526 repentinas
2121 1495 2148 1520 ,ν

145 1536 310 1596 circa
333 1536 489 1596 ritus
522 1526 747 1616 quibus
765 1527 955 1618 longa
981 1525 1111 1595 dies
1143 1529 1205 1594 ὃ(
1236 1526 1551 1618 religionis
1582 1535 1797 1618 opinio
1826 1529 2150 1601 summam-

148 1619 320 1710 apud
367 1619 627 1709 plebemv
671 1628 940 1711 gratiam
988 1622 1050 1687 ὃ(
1099 1628 1512 1689 reverentiam
1559 1617 1870 1699 fecerunt,
1921 1643 2142 1692 motus

147 1714 211 1780 ὅ(
240 1711 457 1780 turbas
487 1711 1029 1802 perniciosissimas
1060 1711 1389 1781 concitasse
1407 1767 1422 1789 ‚
1444 1710 1630 1782 facile
1648 1712 2137 1786 observabimus.

148 1810 306 1872 Arte
333 1827 482 1894 ergo
513 1825 677 1891 opus
713 1801 880 1880 fuit,
928 1823 1002 1869 ut
1035 1804 1443 1872 innarrabilis
1475 1804 1583 1873 ille
1611 1804 1986 1875 Israeliticus
2018 1831 2136 1899 po-

148 1895 340 1988 pulus
369 1893 455 1963 ad
479 1894 804 1963 meliorem
833 1915 1167 1964 vocaretur
1186 1899 1432 1988 frugem
1450 1951 1465 1975 ,
1485 1900 1547 1965 8<
1572 1897 1830 1988 stupidae
1861 1900 1976 1969 iste
1994 1922 2148 1990 per--

147 1996 380 2057 tinaciae
408 1985 650 2054 daemon
672 2041 685 2063 ‚
707 1995 814 2076 qui
840 2008 1088 2078 gentem
1120 2012 1156 2053 a
1184 1997 1387 2078 prima
1415 1998 1614 2057 tenuit
1647 1988 1941 2070 infantia,
1960 1992 2164 2064 blan->³

150 2079 236 2150 do
287 2078 398 2149 sed&
439 2075 680 2146 efficaci
728 2077 1055 2146 exorcismi
1086 2089 1354 2147 carmine
1387 2089 1729 2167 ejiceretur.
1841 2086 2150 2155 Introduv

150 2171 384 2242 cendus
433 2170 690 2261 quidem
739 2170 861 2238 fuit
908 2171 1119 2238 cultus
1148 2194 1294 2240 vere
1324 2193 1525 2240 novus
1545 2203 1571 2250 ς
1612 2170 1752 2250 sed,
1803 2173 1884 2241 ad
1917 2176 2137 2246 turbas

151 2262 508 2340 evitandas,
570 2262 681 2330 sub
726 2262 927 2355 specie
976 2271 1189 2332 veteri.
1274 2265 1465 2333 Nova
1507 2270 1672 2330 enim
1722 2273 1979 2345 omnia,
2026 2267 2150 2338 nisi

151 2376 442 2426 veterum
480 2354 750 2444 speciem
796 2356 1078 2446 aliquam
1115 2353 1404 2434 induant,
1457 2363 1668 2423 animo
1701 2353 1984 2426 feruntur
2025 2367 2148 2429 ini-

151 2457 389 2539 quiore.
483 2445 761 2538 Ideoque
807 2457 915 2538 qui
962 2455 1143 2518 novis
1176 2445 1363 2516 rebus
1391 2457 1451 2516 in
1480 2471 1670 2539 regno
1706 2458 2012 2538 quopiam
2045 2476 2154 2522 re·-

154 2564 303 2611 vera
323 2536 601 2606 ·student
621 2591 648 2616 ,
698 2548 806 2630 qui
850 2541 1016 2633 leges
1054 2559 1296 2609 veteres
1326 2541 1629 2632 refigunt,
1680 2542 1747 2608 &
1773 2541 2007 2632 susque.
2029 2543 2137 2614 de-

153 2657 279 2722 que
314 2630 586 2698 'miscent'
625 2640 836 2700 omnia
865 2679 878 2704 ‚
929 2654 1138 2702 vetera
1184 2653 1407 2702 tamen.-
1446 2629 1810 2700 officiorum
1849 2644 2139 2717 nomina,

158 2726 223 2793 ὃ(
267 2723 388 2791 alia
444 2731 719 2800 minora,
774 2724 930 2794 olim
981 2734 1042 2794 in
1088 2727 1236 2803 usu,
1286 2724 1368 2794 ad
1411 2723 1793 2814 captandum
1822 2728 2152 2816 populum:

151 2817 459 2885 inviolata
488 2816 689 2883 solent
718 2816 1076 2907 relinquere.
1171 2817 1358 2886 Unde
1386 2820 1601 2885 Taciti
1629 2815 1820 2885 illud:
1856 2819 2138 2888 ARCA-

154 2911 371 2978 NUM
415 2909 642 2976 NOVI
692 2909 1065 2989 STATUS‚
1115 2912 1440 2979 IMAGO·
1470 2911 1886 3001 ANTIQUI.
1982 2914 2138 2980 Hoc

157 3007 374 3091 itaque
411 2999 884 3089 prudentiffimo
927 3000 1170 3070 factum
1201 3002 1294 3071 est
1327 3001 1585 3070 consilio
1604 3054 1619 3077 ‚
1640 3021 1715 3068 ut
1744 3009 1974 3071 veteris
2002 3005 2137 3073 cul-

156 3111 265 3163 tus
318 3093 638 3182 objlezf'tum
692 3102 905 3186 potius
948 3096 1011 3164 ὃ(
1060 3094 1534 3225 cssrfumstantiae
1584 3091 1835 3186 aliquot
1878 3115 2153 3256 mu}arae·

1220 3212 1251 3272 3
2023 3206 2158 3267 int..
