2539 3612
430 143 559 201 21‘28'
930 133 1920 202 AEGYPTIACORUM

435 244 694 327 repetitur
719 246 776 304 in
797 244 1112 304 Tanchuma.
1143 248 1323 325 Qare
1343 259 1595 300 vocantur
1619 238 1989 320 Theraphim?
2015 257 2156 307 mayn
2199 259 2294 323 mv
2333 244 2414 306 ⁹55

435 347 595 388 mmm
636 346 791 393 ηυντ»
837 346 946 401 ‘Tun
988 330 1111 403 quia
1148 324 1266 400 fimt
1291 341 1417 405 opus
1453 319 1789 406 turpitudinis
1815 366 1831 391 ‚
1887 332 1965 378 (Γ
2002 340 2119 404 opus
2136 323 2413 399 foeditatis.

437 410 528 466 De
555 410 899 486 Etymologia
926 405 1063 462 nihil
1087 403 1228 461 dico.
1292 406 1437 460 Rem
1466 421 1619 461 noto,
1679 402 1954 458 HaGcenus
1979 424 2100 458 vera
2124 402 2198 458 est
2222 406 2414 462 oratio·

523 494 675 546 Vm.
722 490 988 565 R‘Iagnum
1016 504 1073 540 ea
1097 506 1212 563 quae
1237 486 1651 542 memoravimus
1677 481 2039 559 praejudicium
2066 485 2247 540 animo
2263 486 2420 563 inge-

444 586 632 626 nerant
658 610 673 635 ,
719 587 786 622 ne
826 584 1024 622 temere
1062 564 1333 622 credamus
1359 609 1374 633 ,
1416 561 1638 620 voluiffe
1675 564 1863 618 Deum
1887 606 1902 631 ,
1947 584 2006 619 ea
2043 584 2157 642 quae
2182 563 2423 642 profanis

445 646 696 727 gentibus
722 664 997 702 tantorum
1020 643 1272 702 scelerum
1298 644 1649 702 instrumenta
1674 660 1850 711 erant,
1871 641 1963 698 suo
1993 665 2106 700 non
2132 643 2304 702 solum
2328 645 2423 702 de-

446 728 615 785 dicare
643 728 839 796 cultui,
854 744 1042 784 verum
1067 727 1229 783 etiam
1255 726 1395 782 illius
1418 742 1621 802 partem
1646 725 1808 801 longe
1825 721 2329 782 admirabiliffimam
2343 723 2424 782 fa-

445 828 578 863 cere.
618 806 679 863 Id
705 809 852 864 enim
876 828 1056 863 revera
1079 805 1294 863 fuissent
1316 804 1660 887 Theraphim,
1677 802 1715 860 si
1744 802 2024 860 Pontificis
2051 804 2214 862 inditi
2237 806 2425 884 pec‘to-

448 889 540 944 rali
574 889 780 944 Divina
816 885 986 942 Israeli
1022 885 1420 964 depromfiffent
1454 886 1678 942 oracula.
1735 883 1876 941 Non
1913 884 2193 963 ignorabat
2227 888 2381 942 Deus
2405 931 2423 956 ,

449 989 609 1046 quam
636 968 863 1045 proclivi
887 965 952 1022 ad
977 965 1335 1023 idololatriam
1360 969 1542 1023 animo
1569 966 1791 1022 novellae
1806 1009 1821 1033 ‚
1839 986 1999 1043 quam
2016 962 2281 1022 formabat
2298 965 2428 1036 fibi,

451 1046 754 1125 reipublicae
781 1048 1011 1126 populus
1038 1044 1176 1104 effet.
1207 1045 1530 1125 Respublica
1556 1047 1642 1102 illa
1668 1044 1801 1124 quid
1826 1043 1926 1101 nisi
1946 1044 2253 1102 Theocratia
2281 1052 2424 1103 erat?

450 1127 575 1185 Ubi
598 1131 762 1185 alieni
787 1126 1148 1206 cujuscunque
1173 1133 1398 1184 numinis
1423 1127 1623 1194 cultus,
1648 1124 1845 1180 rebellio
1862 1167 1876 1191 ‚
1884 1123 2158 1204 perduellio
2175 1169 2190 1192 ‚
2206 1130 2260 1181 δε
2288 1131 2432 1183 Ma-

442 1208 643 1289 jestatis
666 1215 858 1264 crimen
884 1207 1082 1266 censeri
1107 1207 1311 1265 debeat.
1344 1207 1550 1265 Idcirco
1577 1203 1714 1260 nihil
1737 1205 1905 1282 magis
1928 1201 2076 1280 pensi
2098 1202 2437 1262 habuitRei*

453 1287 679 1367 publicae
719 1290 892 1346 rector
927 1291 1111 1358 DeUS‚
1127 1310 1288 1368 quam
1313 1305 1373 1344 ut
1397 1284 1818 1352 abid0101atria,
1834 1281 2196 1363 omnibusque
2223 1306 2338 1363 quae
2364 1307 2431 1343 eo

455 1369 689 1440 ducunt,
706 1388 796 1427 aut
820 1371 1079 1427 tantillam
1103 1389 1228 1426 cum
1252 1390 1311 1424 ea
1334 1366 1647 1424 affinitatem
1670 1361 1898 1432 habent,
1915 1381 2176 1441 quantum
2201 1363 2315 1420 fieri
2331 1387 2435 1443 po·-

455 1468 590 1507 terat
616 1452 805 1529 procul
831 1449 1063 1506 Istae'litae
1087 1465 1402 1504 arcerentur.
1443 1443 1597 1521 Qid
1623 1462 1799 1500 autem
1823 1442 2124 1501 damnatam
2143 1446 2434 1523 gentilium

454 1530 770 1614 Theraphim
795 1530 1199 1588 venerationem
1223 1525 1496 1583 mentibus
1525 1520 1787 1584 efficacius
1803 1520 2055 1595 inserere,
2071 1543 2159 1581 aut
2176 1522 2350 1582 suetos
2368 1529 2432 1583 iis

457 1611 668 1688 pridem
704 1612 912 1668 animos
938 1653 954 1678 ‚
999 1613 1052 1664 &
1077 1606 1164 1664 sua
1187 1606 1413 1686 quadam
1439 1605 1625 1684 sponte
1653 1626 1719 1660 eo
1745 1603 2038 1682 propensos
2064 1650 2080 1675 ‚
2123 1605 2346 1663 validius
2375 1609 2433 1664 in

458 1689 830 1769 superstitione
870 1690 963 1747 ista
998 1687 1314 1748 confirmare
1349 1704 1559 1765 poterat
1581 1729 1596 1755 ,
1653 1706 1816 1763 quam
1849 1683 1887 1739 si
1921 1685 2164 1742 viderent
2189 1729 2205 1753 ,
2247 1688 2435 1744 Deum

459 1770 692 1845 ejusdem
716 1771 911 1828 indolis
934 1788 1092 1848 atque
1115 1767 1234 1824 usus
1260 1767 1683 1845 imagunculam,
1721 1769 1777 1820 δε
1791 1807 1806 1832 ‚
1839 1764 2296 1842 quemadmodum
2320 1771 2438 1824 Al-

452 1851 668 1934 phonfics
692 1875 726 1909 a
753 1851 920 1930 Castro
945 1850 1217 1929 loquitur,
1259 1846 1539 1915 idolulum,
1573 1865 1886 1902 arcanorum
1910 1842 2128 1903 suorum
2151 1847 2437 1907 internun—

459 1933 610 1990 cium
631 1932 846 1990 feciffe?
2393 1973 2395 1975 ·

546 2019 639 2073 ΙΧ.
677 2015 881 2071 Noluit
905 2012 1127 2092 quidem
1148 2015 1303 2070 Deus
1326 2009 1590 2087 Iftablitas
1613 2007 1733 2066 suos
1759 2009 1817 2063 in
1842 2007 1947 2064 ulla
1969 2028 2023 2064 re
2050 2008 2316 2068 sacrorum
2332 2012 2440 2084 mi÷

463 2115 623 2152 nores
659 2093 758 2152 effe
797 2093 1046 2150 Chaldaeis
1068 2122 1095 2164 ,›
1129 2116 1157 2150 a
1191 2089 1388 2172 quibus
1423 2092 1650 2168 primam
1684 2105 1955 2145 traxerunt
1990 2092 2262 2169 originem
2287 2117 2305 2161 ,-
2348 2089 2439 2150 aut

467 2180 784 2258 mAEgyptiis‚
822 2196 959 2254 quos
995 2177 1136 2231 inter
1173 2173 1266 2231 diu
1289 2168 1847 2237 nunchabitaverant,
1883 2187 1973 2226 aut
1999 2176 2260 2228 Cananaeis
2284 2171 2439 2230 deni-

464 2277 601 2335 que,
617 2256 682 2313 ad
705 2276 940 2333 quorum
963 2274 1156 2311 terram
1180 2273 1244 2309 ex
1268 2249 1639 2308 munificentia
1660 2251 1924 2307 Numinis
1948 2252 2313 2330 occupandam
2333 2260 2441 2327 jam
2487 2298 2491 2299 γ

467 2338 527 2392 in
550 2335 835 2413 procinctu
859 2331 1063 2391 stabant
1091 2357 1103 2390 :
1143 2331 1229 2389 sed
1253 2337 1308 2388 &
1336 2333 1511 2389 voluit
1534 2353 1626 2389 eos
1650 2329 1714 2388 ab
1738 2332 1893 2388 omni
1919 2335 2167 2410 gentium
2191 2335 2441 2404 aliarum,

464 2437 602 2495 quas
625 2417 824 2472 vicinas
850 2412 1150 2487 habebant,
1177 2410 1548 2492 superstitione
1573 2433 1816 2471 revocare
1833 2456 1847 2481 ‚
1876 2430 1938 2468 ut
1961 2412 2024 2470 ab
2050 2414 2099 2471 se
2125 2418 2282 2472 unice
2307 2435 2443 2493 pen-

474 2496 677 2554 derent.
705 2495 974 2575 Ideoque,-
991 2517 1162 2574 quum
1183 2512 1371 2575 gentes
1407 2492 1511 2551 istae
1533 2497 1696 2552 varias
1734 2491 1990 2552 haberent
2025 2495 2328 2563 divinandi,
2352 2516 2444 2553 va-

471 2577 762 2646 ticinandi,
793 2597 849 2632 ac
877 2575 1053 2633 futura
1078 2573 1439 2655 cognoscendi
1463 2574 1896 2654 praedicendique
1921 2594 2082 2646 artes,
2109 2574 2303 2656 quibus
2329 2576 2407 2634 illi
2424 2619 2443 2647 ‚

475 2659 574 2737 qui
611 2656 798 2714 nostrae
834 2677 976 2714 nunc
1013 2655 1387 2735 disputationis
1413 2659 1630 2714 materia
1654 2655 1776 2714 sunt
1798 2701 1814 2727 ‚
1856 2655 2168 2739 Theraphim
2192 2655 2447 2714 inservie-

473 2737 643 2796 bant:
690 2759 878 2795 eorum
914 2740 1164 2795 omnium
1200 2739 1324 2795 loco
1360 2741 1585 2797 certiora
1622 2736 1724 2795 suis
1760 2736 2013 2796 concessit
2035 2739 2245 2795 oracula
2267 2782 2284 2808 ‚
2328 2759 2445 2796 non

477 2816 650 2876 solum
672 2834 781 2897 'per
808 2818 1098 2898 Prophetas
1125 2817 1217 2875 suo
1242 2816 1444 2876 afflatos
1472 2821 1672 2897 Spiritu
1694 2863 1709 2888 ,
1757 2819 1845 2876 sed
1869 2826 1923 2876 &
1947 2839 2040 2897 per
2064 2819 2214 2875 Urim
2236 2862 2253 2890 ‚
2298 2840 2444 2897 quae‚

480 2900 741 2979 quicquid
766 2900 1001 2973 fuerint,
1043 2899 1355 2958 mendacem
1382 2918 1520 2957 certe
1543 2899 1856 2983 Theraphim
1879 2899 2257 2979 loquacitatem
2278 2900 2447 2957 Divi-

482 3000 551 3038 na
573 2979 978 3059 responsionum
999 2980 1205 3039 suarum
1230 2981 1547 3039 certitudine
1572 2979 1892 3039 immensum
1912 2979 2234 3059 superarunt.
2263 2984 2447 3058 Qam

477 3058 557 3116 vob
583 3076 699 3122 rem
723 3064 952 3123 omnino
977 3061 1313 3123 statuendum
1336 3061 1439 3136 est,
1464 3083 1525 3122 ea
1548 3064 1759 3122 alterius
1781 3063 1934 3143 plane
1955 3062 2198 3143 generis,
2215 3059 2413 3123 indolis
2428 3106 2447 3131 ‚

2389 3161 2449 3201 ac
