2539 3612
484 125 892 185 Tnlnussus
936 126 1305 184 ISRAELIS.
1353 119 1527 181 CAP.
1584 121 1704 177 ΙΙΙ.
1990 144 2102 202 337

116 225 378 287 seditione
423 223 635 304 Judaeos
671 227 812 281 inter
849 230 904 282 &
940 231 1227 282 Samariten
1260 223 1324 282 de
1362 223 1640 305 utriusque
1691 226 1867 304 gentis
1912 227 2104 296 sacris;

118 307 249 366 dum
270 304 449 385 Jndaei
475 304 814 361 contendunt
841 346 860 378 ,
902 312 1046 380 juxta
1070 304 1238 363 Mosis
1266 303 1558 384 praescripta
1585 307 2109 385 Hierosolymitnnum

117 391 381 467 templum
406 383 502 442 esse
532 387 840 465 legitimum
865 430 880 454 ,
925 392 1190 443 Samaritae
1215 406 1344 441 vero
1376 391 1754 448 Garizitanum
1779 410 1796 444 :
1840 410 2110 468 provoca-

117 486 238 527 tum
262 466 336 525 est
359 467 422 524 ad
444 468 655 546 Regem
681 470 735 521 &
761 465 1054 524 consessum
1080 485 1526 546 purpuratorum,
1571 489 1629 524 ea
1654 470 1771 548 lege
1793 515 1806 539 ,
1851 490 1913 528 ut
1936 473 2107 528 utrius

117 551 278 629 partis
313 546 577 605 cauffidici
612 545 1019 604 succumberent
1054 566 1228 604 morte
1255 548 1620 604 multarentur.
1666 551 2107 609 patrocinabatur

120 631 386 686 Samaritis
412 626 633 683 Sabbaens
659 649 783 684 cum
805 626 1101 706 Theodofio,
1121 625 1629 706 Hierosolymitanis
1655 631 1852 710 judaeis
1878 633 2104 688 Andro-

115 716 262 766 nicus
299 711 597 783 Meffizlami
636 707 776 765 filius
803 752 818 776 ‚
861 714 1274 787 juraveruntque
1312 729 1406 786 per
1440 711 1626 766 Deum
1665 717 1719 767 δε
1752 713 1966 791 Regem
1991 739 2014 780 ,⁴
2049 712 2101 771 se

115 811 181 847 ex
211 793 358 869 Lege
382 788 729 868 probationes
754 790 999 846 allaturos
1027 787 1125 846 esse
1149 834 1164 858 ,
1221 809 1652 870 rogaveruntque
1680 793 1894 871 Regem
1922 812 1980 850 ut
2006 816 2106 851 ne·-

115 887 256 928 caret
281 892 435 939 eum,
462 873 558 949 qui
579 876 658 944 jus
681 869 964 945 jurandum
992 892 1107 927 non
1133 868 1342 926 servasse
1369 869 1868 949 deprehenderetur.
1914 880 1990 932 Ita
2034 897 2103 932 ue

111 951 233 1009 Rex
262 995 277 1020 ,
323 953 502 1008 multis
548 953 842 1008 ami-corum
882 953 940 1008 in
976 950 1257 1008 confilium
1290 949 1573 1022 adhibitis,
1618 949 1859 1012 consedit
1883 898 2107 1015 caul‘cllam

113 1033 406 1094 auditurus,
445 1034 518 1090 Et
544 1055 714 1112 quum
737 1030 959 1090 Sabbaeus
983 1053 1040 1090 ac
1065 1031 1364 1108 Theodofins
1389 1032 1764 1091 consensissent
1791 1037 2104 1093 Andronico

113 1132 177 1172 ut
212 1116 361 1194 prior
397 1113 597 1171 diceret
622 1159 637 1185 ,
683 1112 828 1171 orsus
866 1115 908 1170 is
944 1112 1017 1171 est
1058 1114 1515 1196 Hierosoffmitani
1554 1112 1743 1192 tem-pli
1774 1113 2106 1176 sanetitatem

113 1216 181 1253 ex
208 1197 325 1275 lege
351 1194 605 1273 probare,
651 1194 934 1253 ostendens
960 1215 1055 1273 per
1082 1198 1363 1252 continuas
1392 1193 1726 1253 Pontificum
1754 1194 2104 1256 succeffiones

115 1276 410 1332 Sacerdotii
447 1276 613 1353 usque
652 1278 709 1331 in
745 1274 832 1332 sua
859 1295 1103 1353 tempora
1130 1278 1579 1354 propagationem
1602 1320 1619 1346 ,
1671 1281 1728 1332 δε
1753 1276 1816 1333 ab
1843 1278 2103 1336 omnibus

112 1355 252 1413 Asiae
277 1354 522 1433 Regibus
547 1355 867 1428 majestatem
893 1362 1001 1429 ejus
1028 1358 1135 1412 loci
1157 1355 1476 1413 honoratam
1499 1356 1761 1414 donariis:
1790 1364 2105 1420 Gart'zitani

114 1457 242 1495 vero
272 1481 289 1507 ,
333 1456 390 1490 ac
417 1434 454 1492 si
480 1437 711 1492 omnino
739 1437 948 1492 nullum
974 1434 1125 1503 esset,
1170 1458 1450 1513 nunquam
1476 1436 1539 1492 ab
1567 1437 1649 1494 his
1672 1436 1910 1497 habitam
1933 1443 2103 1498 ratio-

111 1538 254 1575 nem.
339 1518 445 1572 His
484 1522 539 1573 ὃς
575 1514 832 1574 similibus
871 1515 1170 1573 rationibus
1210 1515 1457 1594 persuasit
1480 1518 1657 1596 Regi,
1700 1538 1759 1575 ut
1790 1521 2101 1580 decerneret

113 1598 633 1681 Hiercsolymitannm
658 1595 754 1654 esse
781 1620 844 1654 ex
871 1597 1132 1655 sententia
1151 1595 1320 1655 Mosis
1349 1596 1663 1669 conditum,
1695 1598 1947 1658 Sabbaeum
1969 1622 2099 1661 vero

113 1685 171 1737 &
198 1678 522 1755 Theodosium
554 1677 819 1735 addiceret
844 1677 1123 1757 supplicio.

199 1763 379 1817 XVH.
424 1763 506 1815 At
541 1780 656 1815 non
693 1757 768 1814 est
803 1758 1045 1816 mansum
1073 1763 1209 1818 intra
1235 1759 1608 1840 disputationis
1635 1766 1913 1821 terminos
1970 1763 2108 1823 Ausi

121 1840 244 1898 sunt
277 1845 541 1896 Samaritae
567 1837 835 1918 sacrilegas
866 1862 1051 1897 manus
1077 1842 1134 1896 in
1165 1840 1329 1920 ipsam
1352 1845 1465 1899 Dei
1491 1844 1669 1922 legem
1693 1846 1911 1918 injicere
1935 1889 1952 1915 ,
1999 1848 2106 1905 im-

117 1924 265 1980 mani
291 1942 405 1977 eam
430 1918 667 1976 facinore
693 1917 986 1998 stuprantes
1012 1966 1028 1990 ,
1072 1940 1132 1978 ut
1160 1922 1522 2001 superstitioni
1548 1921 1646 1981 suae
1671 1928 1995 2003 patrocinari
2021 1932 2107 1984 vi-

118 2004 346 2062 deretur.
435 2006 624 2076 Qmm
661 2000 856 2057 dixerit
896 2001 1135 2059 Israelitis
1173 2006 1356 2062 Deus:
1387 2007 1847 2084 Deut.xxv11.4.
1891 2012 2107 2089 Eritque

121 2105 276 2165 quum
297 2084 603 2160 transieritis
629 2080 956 2159 Jordanem,
999 2100 1055 2139 nt
1078 2089 1289 2162 erigatis
1315 2086 1514 2168 lapides
1538 2086 1653 2162 istos
1677 2110 1798 2166 quos
1823 2110 1908 2168 ego
1923 2095 2108 2171 praeci-

110 2171 199 2247 pio
227 2163 372 2220 vobis
396 2163 542 2219 hodie
555 2161 698 2229 ‘7:1³9
723 2183 817 2222 an:
844 2165 944 2220 IN
977 2164 1113 2221 ΜΟ
1130 2166 1322 2222 ΝΤΕ
1377 2170 1551 2224 ΕΒΑ
1567 2171 1613 2223 L
1631 2191 1642 2224 :
1659 2168 2109 2246 impudentiffimi

119 2246 430 2302 mortalium
467 2242 825 2302 sustinuerunt
850 2242 1164 2303 sacros-anfi&
1201 2248 1441 2304 Domini
1466 2247 1627 2305 verba
1648 2249 1848 2306 violare
1873 2294 1889 2319 ,
1934 2249 2106 2330 iisque

122 2324 435 2383 substituere
473 2345 610 2384 trra:
653 2346 746 2384 -ππι
773 2332 852 2385 ΙΝ
895 2347 995 2385 Mo
1013 2348 1055 2386 N
1072 2348 1163 2386 TE
1208 2329 1320 2386 GE
1337 2348 1412 2387 RI
1432 2348 1464 2388 z
1481 2349 1501 2386 1
1519 2348 1586 2388 M.
1632 2328 1836 2409 Neque
1862 2330 1952 2387 hic
1979 2330 2106 2388 sub-

122 2405 258 2464 stitit
296 2405 525 2464 audacia.
608 2406 777 2486 Ipsam
816 2411 1072 2489 Decalogi
1123 2410 1301 2489 legem
1350 2407 1573 2490 aggressi
1612 2408 1732 2467 sunt
1757 2454 1772 2480 ,
1828 2432 1934 2491 qua
1962 2414 2110 2470 nulla

123 2509 363 2567 unquam
398 2488 479 2544 lex
516 2486 634 2566 post
670 2488 918 2546 homines
953 2510 1105 2547 natos
1132 2490 1374 2569 pluribus
1396 2491 1446 2548 se
1470 2492 1792 2549 Divinitatis
1817 2492 2108 2551 inviolabit-

124 2568 294 2648 lisque
340 2567 623 2625 san&itatis
670 2573 993 2649 argumentis
1029 2574 1339 2629 mortalium
1375 2569 1715 2630 conscientiae
1750 2572 2107 2651 approbavit:

127 2648 421 2728 decemque
446 2651 587 2706 illius
611 2651 867 2709 mandatis
891 2652 1242 2711 undecimum
1263 2653 1539 2725 addidere,
1574 2674 1769 2731 nempe
1791 2653 1956 2711 scelus
1981 2676 2111 2734 pro-

128 2732 324 2808 prium.
369 2730 605 2788 Duobus
633 2734 689 2789 in
715 2733 846 2789 locis
871 2735 1178 2813 Decalogus
1206 2754 1507 2806 enarratur,
1550 2734 1801 2793 videlicet
1826 2735 2001 2793 Exod.
2018 2759 2103 2793 xx.

126 2809 224 2867 ubi
251 2812 487 2890 primum
512 2812 660 2869 datus
686 2811 787 2883 est,
807 2818 860 2870 &
884 2815 1052 2872 Deut.
1077 2837 1126 2871 v.
1149 2815 1248 2873 ubi
1273 2816 1581 2874 solemniter
1604 2816 1878 2893 repetitur.
1922 2816 2106 2874 Utro-

124 2889 294 2971 bique
322 2911 643 2971 praeceptum
669 2894 799 2952 illud
824 2891 976 2952 suum
988 2897 1102 2952 Dei
1126 2897 1382 2955 mandatis
1407 2896 1687 2955 affuerunt.
1713 2894 1924 2975 Verba,
1942 2916 2108 2975 prout

131 2974 196 3029 in,
214 2976 310 3028 Pol
329 2976 511 3051 glottis
536 2975 928 3055 Londinenfibus
953 2974 1181 3048 exstant,
1226 2980 1298 3043 ita
1324 2977 1426 3036 sese
1453 2977 1668 3036 habent.
1736 2980 1915 3056 Qum
1938 2995 2109 3036 autem

132 2996 473 3116 introdoycxertt
505 3072 553 3114 te
587 3060 843 3117 Dominus
876 3061 1022 3118 Dens
1055 3075 1169 3117 tuus
1193 3064 1249 3115 in
1275 3076 1465 3119 terram
1489 3065 1846 3119 Cananaeorum
1868 3057 1940 3117 ad
1960 3083 2116 3140 quam

1205 3143 1264 3199 V
1287 3162 1319 3200 v
1963 3141 2123 3200 vadis
