2539 3612
581 151 989 214 Tmnussus
1031 151 1408 211 Isnassms.
1453 147 1631 210 CAP.
1677 150 1745 208 Χ.
2066 153 2178 229 387

178 259 368 326 DeuS,
410 250 579 312 stante
624 253 856 313 secunda
890 251 1057 323 dide,
1094 250 1313 327 Judaeos
1351 272 1470 309 non
1511 272 1740 310 numero
1770 247 1971 322 solum,
2014 252 2102 312 sed
2125 261 2183 313 &

190 337 388 418 opibus
402 379 419 405 ,
463 333 705 405 honore,
750 336 906 414 regni
931 330 1208 409 Majestate
1224 377 1242 404 ,
1269 336 1328 390 &
1350 330 1721 393 consimilibus
1743 328 2056 403 beneficii3‚
2079 355 2187 414 pra:

180 416 478 495 majoribus
504 416 635 488 suis,
663 415 760 473 sub
785 413 1012 473 Davide
1025 435 1076 473 v.
1095 435 1150 495 g.
1176 435 1236 473 ac
1258 417 1554 486 Salomone,
1579 417 1726 472 auxit
1750 432 1911 494 atque
1935 417 2185 473 ornavit?

189 504 292 559 An
305 495 531 560 fortaffis
546 495 859 556 Alexandri
874 495 1077 576 jannai
1099 495 1552 577 temporibus?de
1567 494 1766 576 quibus
1788 495 2066 581 Josepbus:
2081 502 2183 555 Per
2203 529 2342 583 antiq.
2355 531 2427 572 lib.

179 580 286 637 ‚haee
318 596 543 661 tempora
554 584 676 661 jam
699 581 956 656 Syrorum
985 590 1064 637 (9⁸
1089 577 1455 637 Idumaeorum
1481 589 1559 637 (9⁴⁶
1583 576 1908 637 Phoenicum
1935 577 2078 637 urbes
2101 596 2182 637 te-
2200 592 2411 637 tuncap.

191 660 378 718 nebant
400 659 612 741 Judaei:
654 658 725 717 ad
753 681 925 730 mare,
952 662 1219 719 Stratonis
1243 665 1464 730 turrim,
1507 660 1881 740 Apoloniam,
1924 659 2179 740 Joppen‚
2196 646 2344 677 ‘³¹¹¹'

187 742 477 824 Jammiam
501 784 519 811 ‚
564 745 810 800 Azotum
841 786 859 810 ‚
906 740 1114 801 Gazam
1138 786 1156 812 ‚
1197 740 1535 800 Anthedona
1559 784 1577 812 ,
1619 740 1917 822 Raphiam‚
1959 740 2184 801 Rhino—

186 842 386 882 curam.
466 827 535 879 In
562 821 951 880 mediterraneis
968 842 1063 908 per
1088 822 1381 882 Idumaearn
1403 828 1689 904 regionem,
1732 822 1925 882 Adora
1954 835 2035 882 (φ’
2057 826 2184 882 Ma·-

185 902 375 974 risam,
419 920 676 984 totamque
713 905 1032 972 Samariam,
1078 913 1142 974 ὠ*
1179 921 1373 962 montes
1410 904 1726 962 Carmelum
1765 915 1845 963 (9⁹
1870 904 2181 984 Itabyrium.

186 984 292 1042 Ad
329 984 426 1042 hac
469 984 824 1065 Scythopolin
847 1029 867 1057 ‚
910 984 1157 1056 Gadara,
1201 984 1615 1045 Gaulanitidem
1630 1029 1646 1056 ‚
1692 987 1986 1045 Seleuciam
2002 1031 2018 1058 ,
2066 988 2187 1045 Ga-

190 1063 338 1137 bala,
395 1078 475 1124 &
510 1065 837 1125 Moabiticas
870 1065 1074 1139 urbes,
1124 1065 1465 1135 Esebonem,
1522 1066 1845 1137 Medabam‚
1888 1066 2184 1139 Lembam,

189 1146 407 1206 Oronas
438 1191 455 1218 ‚
525 1143 888 1208 Telithonem
912 1192 929 1220 ,
980 1151 1176 1207 'Zaram
1200 1193 1220 1219 ‚
1274 1149 1560 1208 Aulonem
1601 1148 1868 1206 Cilicium
1891 1193 1911 1218 ,
1967 1148 2183 1206 Pellam.

185 1230 354 1287 Hanc
381 1232 623 1286 ultimam
644 1229 912 1287 diruerunt
931 1270 950 1298 ‚
991 1230 1124 1309 quod
1148 1231 1318 1286 incolae
1341 1229 1625 1306 recushrent
1646 1228 1910 1309 Judaicos
1932 1234 2064 1285 ritus
2077 1230 2187 1306 fies-

175 1315 363 1391 cipere.
448 1308 764 1388 Poffidebam
806 1322 885 1371 (γ’
919 1313 1034 1369 alia
1058 1317 1206 1395 Sym'ae
1230 1332 1330 1367 non
1356 1309 1555 1388 obscura
1585 1309 1802 1394 oppida,
1844 1331 1947 1389 quae
1971 1314 2183 1392 imperio

179 1390 269 1466 fleo
295 1396 498 1445 noviter
526 1390 843 1471 adjecerant.

265 1474 419 1529 XIV.
463 1468 764 1550 Magnifice
792 1470 1015 1551 quidem
1038 1471 1147 1529 haec
1173 1495 1203 1530 a
1226 1472 1443 1555 Jofl’pho
1471 1490 1781 1540 narrantur,
1802 1473 1884 1530 uti
1911 1493 2177 1553 non-par·-

185 1573 277 1610 cus
313 1552 439 1610 effet
476 1550 610 1609 solet
634 1552 692 1608 in
721 1551 1052 1631 praedicanda
1074 1555 1254 1633 gentis
1279 1550 1383 1609 suae
1409 1554 1609 1632 gloria:
1654 1552 1794 1611 nihil
1818 1573 1998 1611 tamen
2023 1554 2178 1613 vide-

187 1655 305 1689 mus
346 1632 497 1711 quod
544 1638 808 1705 majorum
847 1653 928 1689 res
951 1677 968 1702 ‚
1022 1633 1241 1713 quando
1278 1631 1660 1692 florentiffimae
1700 1652 1851 1691 erant
1876 1677 1895 1703 ,
1949 1633 2176 1714 superet.

186 1714 335 1772 Nam
372 1719 425 1770 ὃς
450 1712 633 1771 David
666 1712 952 1769 Philifzaeos
977 1712 1228 1792 percuffit
1252 1733 1310 1769 ac
1337 1711 1617 1791 depreffit:
1674 1714 1944 1772 Moabitas
1970 1714 2185 1797 supera-

188 1797 266 1853 vit
292 1815 346 1853 ac
374 1791 683 1851 tributarios
706 1792 865 1850 fecit:
910 1799 1057 1873 Syros
1083 1797 1215 1852 item
1241 1790 1423 1853 Taobae
1445 1799 1499 1852 δε
1524 1798 1672 1876 Syros
1697 1797 2081 1871 Damaftenos:
2122 1801 2184 1858 in

189 1896 304 1944 tota
333 1896 556 1956 quoque
581 1873 814 1932 Edomaea
838 1872 1173 1935 stationarios
1187 1873 1381 1954 posuit.
1416 1893 1445 1931 2
1464 1878 1605 1933 Sam.
1622 1894 1689 1933 v1
1707 1894 1792 1933 11.
1838 1876 2100 1937 Tandem
2126 1885 2185 1939 δε
2250 1899 2254 1902 ·

196 1963 530 2016 Ammonitas
556 1954 869 2025 debellavit,
914 1955 1022 2035 ipsa
1053 1959 1265 2014 civitate
1289 1955 1467 2035 Regia
1489 1975 1669 2035 capta,
1699 1961 1757 2014 &
1780 1978 1985 2016 corona
2007 1961 2180 2041 Regu

190 2040 283 2097 suo
312 2037 557 2117 imposita
584 2038 768 2115 capiti.
802 2055 830 2091 2
852 2040 988 2094 Sam.
1004 2058 1068 2094 x1
1088 2057 1134 2095 1:
1155 2057 1244 2111 29.
1269 2057 1357 2115 30.
1389 2035 1501 2116 Ipse
1526 2035 1622 2096 hac
1647 2037 1714 2096 de
1739 2060 1795 2097 re
1818 2038 2034 2098 brevius
2057 2044 2184 2121 qui-

189 2122 345 2191 dem,
390 2118 477 2177 sed
500 2120 664 2197 longe
690 2115 1124 2198 magnificentius
1147 2117 1382 2202 Josepho.
1428 2118 1507 2177 Ps.
1524 2140 1617 2178 Lx:
1633 2120 1686 2176 8.
1705 2142 1762 2194 9.
1784 2140 1873 2178 10.
1909 2121 2179 2199 Destribuo

188 2201 417 2270 Sichem,
464 2213 542 2257 (φ’
572 2202 764 2255 vallem
801 2198 1012 2255 Succoth
1049 2206 1258 2257 metior:
1304 2204 1379 2255 cis
1416 2203 1601 2258 (fuls
1623 2201 1920 2280 Jordanem
1947 2225 2179 2283 regnum

192 2304 374 2339 meum
414 2279 745 2338 extenditur:
790 2285 844 2336 &
884 2298 944 2336 ut
979 2282 1260 2338 Dominus
1292 2301 1350 2336 ac
1378 2302 1469 2338 rex
1494 2280 1745 2340 tribubus
1768 2282 1987 2364 lingulis
2009 2284 2176 2342 haere-

191 2364 413 2423 ditatem
441 2359 584 2418 suam
608 2359 884 2418 admetior.
932 2365 1097 2417 Meus
1122 2362 1187 2437 est
1212 2361 1405 2418 Gilead
1420 2383 1437 2419 .·
1476 2364 1704 2420 extremi
1727 2368 1980 2423 omnium
2004 2365 2180 2423 Gadi-

190 2463 276 2514 ta,
319 2444 455 2500 ultra
488 2440 784 2518 Jordnnem
815 2443 871 2498 111
898 2462 1087 2501 monte
1114 2447 1400 2501 Hermonis
1424 2447 1479 2500 &
1506 2442 1832 2501 Gileaditide
1854 2445 2015 2524 positi
2031 2491 2050 2518 ,
2091 2470 2180 2506 me

194 2525 600 2604 amplecstuntur.
684 2525 949 2598 Manaffes
970 2545 1108 2582 meus
1133 2524 1215 2603 est.
1299 2524 1553 2609 Ephraim
1578 2548 1680 2583 arx
1704 2532 1892 2610 capitis
1916 2533 2049 2599 mei,
2092 2551 2183 2587 arx

193 2608 445 2686 primaria
479 2607 538 2662 in
575 2626 679 2682 qua
715 2621 871 2682 caput
907 2625 1091 2664 meum
1126 2606 1303 2664 secure
1339 2628 1396 2664 ac
1425 2623 1546 2664 tuto
1569 2606 1884 2668 servandum
1909 2608 2182 2686 deponere

194 2709 403 2767 queam.
478 2684 626 2765 Juda
651 2684 930 2764 Legzflator
959 2709 1128 2746 meus:
1171 2686 1384 2746 sub'‘me
1406 2688 1566 2767 >Rege
1592 2708 1650 2746 ac
1681 2688 1892 2768 praefide
1916 2688 2180 2761 judicium

195 2774 250 2825 &
287 2765 540 2841 justitiam
585 2787 850 2824 exercens.
935 2767 1110 2826 Moab
1140 2767 1425 2853 pollubrum
1464 2791 1663 2838 meum,
1707 2767 2019 2826 viliffimum
2042 2770 2181 2828 mihi

192 2847 437 2928 praestans
476 2846 848 2906 ministerium.
933 2853 1001 2905 In
1033 2849 1286 2908 Edomum
1308 2856 1522 2935 conjicio
1548 2851 1742 2908 calceos
1765 2869 1931 2906 meos:
1976 2849 2046 2907 sic
2072 2852 2181 2908 mi-

196 2929 260 2988 hi*
291 2928 525 2987 serviunt
559 2948 620 2987 ut
656 2927 956 2987 mediastini
982 2974 998 3000 ‚
1043 2932 1229 2989 calceis
1264 2934 1399 2990 meis
1436 2929 1766 3010 excipiendis
1792 2935 1848 2987 δε
1873 2928 2176 2990 auferendis

194 3009 463 3075 destinati.
542 3016 700 3095 Super
726 3032 834 3079 me,
859 3033 887 3066 o
913 3011 1182 3089 Palaestina
1197 3055 1215 3082 ‚
1243 3011 1434 3093 jubila.
1521 3014 1672 3072 Cane
1700 3014 1758 3070 in
1783 3014 1894 3072 mei
1914 3015 2173 3094 gratiam,

197 3096 260 3150 10
283 3090 586 3174 triumphe,
629 3095 773 3157 vivat
795 3092 917 3153 Rex
943 3092 1140 3157 David.
1165 3094 1275 3234 ge
1300 3097 1622 3157 Ammonitit
1638 3093 1733 3155 «hic
1758 3092 1924 3168 nihil,
1965 3095 2173 3175 quippe

1231 3194 1300 3235 cc
1347 3194 1377 3232 2
2042 3195 2181 3254 quos
