2539 3612
1512 42 1551 73 f

411 119 524 181 250
918 101 1895 153 AEGYPTIACORUM

407 220 495 260 tur
505 205 592 272 ,δε
615 199 885 281 Templum
922 194 1455 273 Hierofhlymitanum.
1501 186 1604 244 Sed
1640 198 1922 265 propterea
1949 184 2036 242 illa
2060 183 2216 262 hujus
2240 186 2394 247 fuiffe

408 283 702 360 exemplar,
749 277 936 335 inferri
960 276 1113 333 nullo
1137 271 1304 328 modo
1331 267 1506 328 debet.
1563 269 1765 347 Neque
1793 268 1939 324 enim
1975 268 2087 324 ullo
2113 289 2399 347 argumen-

409 381 467 422 to
498 361 728 427 constat,
776 380 836 413 ea
859 377 975 434 quae
1001 380 1027 412 a
1051 351 1291 410 Strabone
1319 352 1377 407 in
1404 354 1650 430 AEgypto
1678 347 1784 406 visa
1808 345 1929 405 sunt
1954 346 2403 427 Hierosolymita-

404 465 478 502 no
520 441 825 517 antiquiora
873 434 1041 494 fuisse.
1128 440 1252 492 Imo
1291 453 1420 489 vero
1461 452 1636 510 quum
1672 427 2160 506 Hierosolymitani
2211 429 2401 507 templi

408 522 547 580 fama
572 542 687 576 non
712 520 770 574 in
795 519 987 575 vicinis
1014 515 1217 585 solum,
1247 513 1335 571 sed
1360 518 1415 569 &
1444 509 1829 568 remotioribus
1857 510 2049 587 inclyta
2076 507 2240 567 fuerit
2263 531 2410 589 gen-

414 602 587 669 tibuS,
632 598 783 678 quod
805 597 1051 656 exsertim
1079 595 1224 673 sacrae
1250 593 1466 652 tradunt
1500 594 1705 671 paginae
1722 636 1740 660 ,
1790 611 1811 646 1
1837 591 2057 669 Reg.v1
2076 612 2097 647 1
2118 613 2166 647 1.
2195 611 2403 669 41·42·

417 704 531 762 quae
557 681 759 738 invidia
784 679 886 750 est,
903 681 1046 737 nolle
1075 697 1134 736 ut
1160 676 1224 734 ad
1251 674 1660 755 pulcherrimam
1686 670 1835 729 istam
1861 669 2092 749 formam
2116 673 2238 728 alias
2266 691 2410 751 quo—

415 784 520 841 que
545 780 732 840 gentes
756 759 875 817 fana
901 758 987 816 sua
1022 755 1318 815 exstruxisse
1347 755 1617 814 credamus
1642 758 1664 810 ?
1707 751 1831 809 Nifi
1869 751 2148 831 probabile
2173 775 2288 811 non
2312 752 2375 809 sit
2392 796 2413 822 „

415 842 470 901 id
495 845 552 898 in
577 843 883 918 exemplum
907 843 982 896 ire
1010 839 1159 917 quod
1189 841 1247 895 in
1274 837 1366 895 suo
1392 857 1588 918 genere
1609 832 2091 912 ‘praestantissimum
2126 832 2216 891 est.

498 927 624 980 XV.
671 927 804 979 Sane
833 918 1292 1001 quemadmodum
1316 920 1535 997 antiqua
1574 911 2008 972 Christianorum
2032 916 2231 992 templa
2268 915 2417 971 Hie-

423 1003 806 1082 rosolymitano
838 1025 952 1060 non
977 1000 1198 1058 fuerunt
1221 998 1506 1067 absimilia,
1550 999 1624 1053 ita
1650 1013 1750 1050 nec
1776 996 2084 1072 antiquiora
2099 995 2415 1052 Gentilium

426 1084 681 1143 absimilia
706 1083 854 1141 fuere
881 1080 1215 1140 Christianis.
1263 1077 1695 1137 Christianorum
1731 1075 1959 1151 templa,
2005 1076 2234 1131 maxime
2261 1075 2420 1132 Grae-

428 1189 645 1234 corum,
689 1165 754 1222 ad
789 1165 1156 1221 imitationem
1192 1161 1379 1237 templi
1418 1153 1903 1232 Hierosolymitani
1928 1153 2092 1212 divisa
2114 1156 2250 1211 olim
2272 1153 2420 1214 fuere

427 1250 485 1303 in
509 1264 679 1324 partes
703 1264 824 1302 tres,
909 1246 1087 1301 Prima
1124 1263 1240 1321 pars
1275 1238 1549 1298 dicebatur
1578 1236 1829 1312 Πρόνοιαν,
1872 1240 2109 1291 Porticus
2122 1261 2138 1303 3
2183 1236 2423 1295 Secunda

431 1332 604 1397 Nouis,
650 1331 942 1395 Gremium5
989 1325 1197 1392 Tertia,
1245 1329 1423 1392 Βῆμοι,
1451 1317 1653 1373 Choria,
1698 1320 1933 1371 Porticus
1958 1313 2048 1372 fita
2073 1334 2182 1372 erat
2205 1316 2269 1373 ad
2292 1339 2424 1396 por-

434 1428 507 1465 tas
534 1408 752 1485 templi,
798 1406 893 1463 ubi
919 1409 977 1463 in
1005 1404 1268 1474 Νοίρθηκι,
1312 1402 1503 1457 Latine
1530 1399 1750 1466 Feralia,
1806 1394 2160 1454 consistebant
2176 1404 2429 1479 poeniten-

434 1508 535 1559 tes,
582 1490 678 1567 qui
708 1488 1026 1544 intrantium
1061 1483 1305 1542 fidelium
1343 1476 1740 1537 intercessiones
1776 1475 2121 1555 prensabant‚
2182 1481 2426 1559 itemque

435 1569 796 1625 Catechumeni
830 1565 1094 1623 audientes
1120 1609 1134 1634 ‚
1194 1581 1480 1640 antequam
1522 1564 1860 1639 Competemes
1906 1555 2098 1613 fierent
2122 1603 2137 1628 ‚
2193 1559 2429 1639 denique

431 1649 613 1729 Jndaei
636 1693 653 1719 ,
711 1654 917 1726 Pagani
951 1666 1108 1724 atque
1145 1647 1422 1708 Hermai,
1467 1639 1506 1694 {i
1532 1637 1748 1715 quando
1787 1656 1880 1691 eos
1919 1635 2430 1697 lubido'inceffebat

438 1728 870 1786 Christianorum
896 1725 1032 1783 sacra
1065 1724 1254 1803 procul
1291 1718 1496 1777 tuendi.
1583 1720 1650 1773 In
1676 1720 1882 1772 Gremio
1923 1715 2270 1775 considebant
2296 1718 2432 1779 fide-

441 1812 514 1866 les
540 1807 663 1866 rem¹
679 1810 942 1865 Divinam
967 1805 1184 1872 facturi,
1231 1799 1446 1859 seorsim
1481 1815 1661 1856 autem
1683 1798 1788 1855 viri
1812 1818 1869 1853 ac
1894 1795 2162 1869 foeminae,
2207 1803 2432 1860 iterum-

147 1911 354 1963 vcinam.
449 1911 553 1970 que
580 1892 638 1946 in
661 1888 742 1945 his
767 1889 951 1967 puellae
975 1886 1039 1943 ab
1067 1883 1327 1942 uxoribus
1353 1886 1408 1938 δε
1443 1879 1618 1938 viduis
1645 1877 1901 1952 sejunctae.
1959 1883 2232 1963 Procopius
2255 1881 2434 1962 dupli-

157 1965 347 2006 ‘ffifflffi
367 1975 399 2004 ¹·
451 1992 535 2028 ces
560 1972 799 2049 porticus
822 1964 1390 2044 annotavit‚fastigiata
1413 1958 1681 2019 testudine
1697 1963 1892 2014 &auro
1914 1955 2247 2037 splendentes
2263 2006 2277 2032 ‚
2297 1986 2432 2044 qua-

456 2074 576 2110 rum
604 2052 760 2108 altera
792 2053 988 2119 Viros,
1031 2050 1190 2106 altera
1220 2047 1490 2102 Foeminas
1513 2057 1726 2097 orantes
1749 2042 2034 2119 exceperit.
2080 2041 2297 2114 Chorus,
2342 2051 2438 2108 Βῖ-

455 2158 567 2206 μοι,
611 2137 888 2201 Ἱερατεῖον,
931 2148 1041 2186 erat
1074 2149 1190 2206 pars
1226 2125 1416 2202 templi
1453 2122 1728 2189 intimior,
1771 2120 1931 2190 veli3‚
1973 2123 2145 2179 aulaeis
2181 2130 2236 2181 δε
2261 2125 2438 2203 gradi-

457 2213 557 2270 bus
592 2212 837 2280 discreta‚
881 2216 937 2267 δέ
971 2207 1110 2266 solos
1144 2206 1412 2264 ordinarie
1449 2204 1669 2259 Clericos
1695 2200 1998 2259 admittens.
2083 2207 2148 2260 In
2171 2203 2267 2262 hac
2290 2224 2442 2285 parte

458 2311 608 2350 erant
642 2295 842 2350 Altare
866 2335 883 2361 ‚
936 2288 1222 2369 Suggestus,
1265 2285 1495 2369 Episcopi
1530 2281 1815 2352 Cathedra,
1858 2281 2258 2367 Presbyterorum
2294 2286 2449 2344 Senti*

458 2380 537 2432 lia
552 2418 568 2445 ‚
612 2377 965 2430 Diaconorum
988 2368 1225 2446 Subsellia
1244 2411 1260 2438 ‚
1303 2373 1358 2423 &
1381 2369 1610 2424 aliorum
1634 2366 1945 2421 Clericorum
1967 2370 2176 2424 Mattae.

543 2458 697 2514 XVI.
751 2458 1019 2511 Veterum
1063 2468 1241 2508 autem
1290 2444 1603 2506 Gentilium
1648 2447 1847 2524 templa
1880 2444 2113 2520 ejusdem
2147 2466 2444 2529 propemo-

163 2570 397 2620 Lib.1.cep-
465 2536 596 2594 dum
619 2534 805 2593 formae
829 2531 1009 2602 fuisse,
1033 2532 1193 2591 docet
1216 2534 1461 2600 Pollam,
1476 2531 1535 2586 in
1559 2527 1798 2606 Historia
1823 2531 1872 2583 F
1873 2533 1949 2583 ori
1972 2532 2206 2586 Romani.
2237 2532 2447 2611 Consta-

170 2636 256 2663 ΠΙ·
464 2616 585 2674 bant
611 2622 747 2673 enim
771 2661 787 2687 ‚
831 2617 1013 2695 inquit
1030 2658 1046 2683 ‚
1088 2614 1242 2671 Cella
1268 2611 1539 2669 Sancstiore
1567 2654 1583 2679 ,
1625 2630 1715 2665 nos
1740 2606 1990 2666 Chorum
2011 2630 2256 2668 vocamus
2281 2634 2303 2670 .·
2342 2612 2445 2693 quie

467 2699 618 2756 Cella
657 2698 898 2755 Sanctior
931 2719 966 2753 a
987 2693 1203 2753 Basilica
1229 2706 1308 2751 (9⁰
1334 2689 1639 2750 Porticibus
1662 2688 2060 2770 distinguebatur
2081 2692 2277 2752 Pluteo
2302 2736 2320 2764 ,
2362 2706 2443 2751 <9⁸

461 2781 601 2858 qnasi
622 2781 781 2836 altero
806 2785 1018 2837 Pronao
1032 2801 1046 2847 3
1061 2797 1150 2833 nos
1171 2797 1270 2832 non
1292 2777 1426 2831 male
1440 2775 1718 2851 Pulpitum
1738 2772 2153 2853 vocamus-,quod
2179 2781 2234 2831 in
2255 2795 2450 2832 morem-

461 2862 656 2940 pulpiti
677 2878 766 2917 am
787 2858 1035 2917 Tabalati
1060 2857 1271 2915 erebium
1281 2859 1350 2936 fit
1370 2890 1478 2899 ---
1499 2853 1716 2911 Basilica
1740 2873 1860 2910 vero
1885 2853 1951 2931 est
1973 2897 1991 2924 ‚
2034 2876 2187 2935 quam
2210 2874 2300 2913 nos
2321 2857 2447 2914 Na-

469 2961 591 2996 vem
627 2958 716 2996 aut
752 2943 1007 2999 Carinam
1040 2960 1320 3007 vocamu53
1371 2934 1852 2994 Deambulationes
1886 2956 1986 3014 quae
2019 2942 2268 3017 utrimque
2292 2937 2443 3014 fimt,

473 3025 670 3077 omnino
693 3025 931 3102 porticus
942 3020 1063 3099 fimt
1083 3025 1347 3092 Veterum,
1391 3040 1491 3099 quie
1501 3017 1623 3097 sunt
1642 3018 1808 3076 veluti
1832 3012 1939 3075 fori
1965 3021 2020 3076 in
2045 3018 2258 3081 Carina.
2290 3019 2445 3077 Cella

2312 3102 2445 3159 Sam
