2539 3612
418 93 526 174 338
1103 89 1246 146 DE
1325 88 1727 145 DECEM

327 192 331 195 ’
413 191 572 250 vadis
604 189 951 276 poffidendetm
977 235 993 261 ,
1039 197 1199 272 eriges
1226 192 1323 249 tihi
1344 193 1469 249 duos
1491 190 1690 275 lapides
1717 209 1958 269 magnos,
2010 200 2089 248 ἐφ’
2118 188 2308 248 oblines
2332 211 2414 250 eos

421 277 590 343 calce,
600 272 870 352 scribesque
882 273 1031 353 super
1057 273 1256 354 lapides
1281 274 1396 352 astos
1422 281 1594 330 omnia
1616 270 1774 329 verba
1799 273 1926 351 legis
1954 271 2117 352 hujus.
2144 272 2416 352 Postquam

422 360 561 411 enim
586 356 884 430 tremfiveris
907 350 1575 428 Jordanem‚sTATuEs
1615 371 1946 412 LAP1DES
1995 373 2190 411 IsTos
2228 371 2415 426 Quos

424 454 566 493 EGo
624 452 1009 490 PRAECIPIO
1066 453 1280 493 vonis
1325 453 1567 493 HomE
1610 454 1691 492 IN
1735 453 2008 492 MONTE
2052 433 2417 492 GERIZIM

422 535 516 572 ET
574 530 1050 571 AEDIFICABIS
1105 534 1423 575 ALTARE
1477 517 1800 573 DOMINO
1852 515 2013 571 Duo
2069 534 2208 571 Tuo
2250 517 2423 572 altare

422 593 688 674 lapideum
714 618 731 662 3
775 614 874 648 non
916 592 1116 650 levabis
1138 596 1287 678 fitper
1322 618 1400 651 eos
1411 598 1636 673 ferrum.
1719 600 1804 651 Ex
1832 593 2090 675 lapidibus
2118 594 2422 670 informibus

421 672 696 753 aedificabis
719 676 889 730 altare
915 674 1048 751 istud
1071 679 1299 733 Domino
1324 680 1437 732 Deo
1465 694 1546 733 tuo
1573 683 1628 732 in
1652 692 1817 732 monte
1842 677 1928 754 zsto
1943 720 1959 745 ‚
2003 688 2082 733 Θ*
2095 675 2420 752 fhcrfficabis

414 754 645 838 pacffica
669 794 689 826 ‚
732 767 812 812 (9⁶
847 754 1072 810 comedes
1108 755 1181 813 ibi
1204 801 1221 827 ‚
1269 770 1347 816 (Υ
1382 756 1626 816 laetaberis
1663 779 1834 813 coram
1859 761 2085 813 Domino
2111 760 2223 812 Deo
2246 773 2329 814 tuo
2356 763 2415 814 in

425 852 594 891 monte
619 835 707 912 isto
731 878 747 904 ‚
791 837 931 892 ultra
952 835 1249 915 Jordanem
1267 882 1284 909 ,
1317 839 1429 920 post
1452 844 1600 895 viam
1623 838 1817 913 occasits
1828 838 1987 912 solis1
2028 843 2082 893 in
2109 854 2247 895 terra
2273 837 2416 896 Cha-

428 921 593 973 nanaei
611 914 976 973 habi'tantisdn
990 919 1244 999 planitie,
1271 941 1297 974 e
1321 926 1520 999 regione
1545 925 1594 982 G
1597 922 1729 999 ilgezl
1747 962 1763 988 ,
1775 921 1936 998 juxta
1958 940 2195 997 quercum
2220 924 2413 990 More,

429 997 600 1074 verfiaes
634 995 854 1054 Sichem.
943 999 1159 1057 Scilicet
1186 998 1584 1070 existimarunt,
1627 1021 1744 1057 non
1771 1017 1916 1056 tutos
1942 1000 1991 1056 se
2021 1001 2078 1056 in
2103 997 2291 1058 scelere
2316 1000 2414 1057 suo

424 1075 576 1149 fore,
602 1077 703 1137 nifi
728 1077 1037 1137 mandatum
1064 1081 1178 1137 Dei
1204 1103 1230 1138 e
1258 1083 1446 1138 monte
1473 1079 1653 1138 Horeb
1677 1079 1975 1137 obtendere
2001 1079 2236 1158 poffent3
2266 1079 2419 1161 quod

422 1180 595 1238 quum
632 1157 895 1239 nusquam
929 1163 1180 1239 gentium
1206 1163 1546 1219 inveniretur
1568 1206 1584 1232 ‚
1629 1161 1768 1218 nihil
1792 1159 1841 1218 se
1869 1161 2159 1240 indignum
2182 1160 2415 1218 facturos

420 1239 762 1298 nebulonum
792 1239 1134 1319 impurissimi
1156 1242 1395 1302 arbitrati
1421 1241 1542 1301 sunt
1567 1287 1584 1313 ‚
1628 1241 1666 1300 fi
1693 1242 1749 1300 id
1771 1239 2109 1322 propudiosis
2138 1241 2234 1322 ipsi
2261 1264 2416 1301 com-

419 1324 617 1378 mentis
645 1321 929 1402 fingerent.

502 1406 714 1462 XVIII.
760 1402 999 1483 Qando
1037 1423 1218 1463 tamen
1255 1404 1495 1462 scelerata
1528 1403 1624 1460 hac
1663 1402 1938 1461 additione
1978 1403 2177 1461 sacrum
2203 1421 2414 1464 textum

128 1501 341 1558 'theolog‘
426 1487 795 1563 corruperint,
839 1484 967 1543 haut
991 1504 1191 1543 temere
1219 1485 1462 1543 dixerim.
1519 1484 1874 1543 Dostiffimus
1901 1488 2136 1542 Owenus
2163 1507 2279 1543 non
2304 1488 2415 1543 im·-

126 1555 363 1660 {ikdviiik
427 1564 708 1642 probabile
746 1563 1010 1623 existimat
1036 1611 1052 1636 ‚
1095 1567 1152 1624 id
1175 1564 1375 1623 facium
1400 1565 1498 1623 effe
1528 1565 1658 1623 dum
1684 1563 1839 1621 staret
1863 1566 2032 1623 adhuc
2058 1567 2320 1643 templum
2345 1565 2413 1624 ab

134 1675 174 1716 p.
192 1638 282 1705 30'5.
429 1645 550 1723 ipfis
574 1649 633 1704 in
658 1665 847 1704 monte
874 1647 1122 1704 Garizim
1147 1645 1500 1715 exstru5h1m,
1516 1664 1636 1703 ante
1661 1649 1907 1725 ,Hyrcani
1930 1645 2212 1703 Pontificis
2225 1646 2413 1725 Judai-

426 1729 476 1783 ci
513 1748 770 1806 regnum,
808 1728 938 1805 qui,
976 1745 1037 1784 ut
1078 1727 1340 1796 diximUS‚
1381 1728 1647 1804 templum
1683 1725 1815 1783 illud
1841 1727 2070 1805 aequavit
2092 1724 2224 1785 solo.
2307 1728 2412 1786 Sed

423 1804 630 1863 obstare
670 1806 883 1865 videtur
904 1849 921 1874 ‚
966 1807 1117 1886 quod
1153 1830 1324 1888 quum
1359 1808 1418 1865 in
1452 1807 1741 1864 Thalmude
1769 1806 2013 1864 Rabbini
2036 1808 2321 1887 aliquoties
2346 1811 2414 1866 iis

424 1905 599 1947 textus
627 1888 753 1946 sacri
779 1886 1206 1946 falsificationem
1231 1886 1478 1965 objecisse
1504 1907 1904 1955 memorentur,
1920 1891 2186 1946 minutula
2208 1888 2413 1949 solum-

423 1969 594 2027 modo
621 1970 862 2048 exempla
882 1968 1160 2049 proferant
1174 2014 1190 2040 ‚
1207 1969 1343 2028 hanc
1367 1988 1544 2028 autem
1559 1969 2011 2047 depravationem,
2028 1973 2410 2048 quaeomnium

427 2048 503 2106 est
526 2049 876 2108 scelestiffima
898 2095 914 2119 ‚
959 2071 1224 2131 perpetuo
1251 2051 1460 2108 filentio
1487 2049 1859 2108 transmittant.
1948 2051 2117 2130 QOd
2134 2096 2148 2120 ‚
2191 2072 2291 2130 pro
2320 2054 2411 2110 in·-

425 2135 579 2210 genti
607 2154 718 2212 quo
742 2130 981 2190 adversus
995 2134 1348 2190 Samaritanos
1372 2130 1664 2211 flagrabant
1686 2131 1819 2189 odio
1834 2177 1848 2200 ‚
1865 2154 1980 2188 non
2003 2131 2254 2190 videntur
2277 2130 2410 2190 fuis-

132 2249 351 2299 eapavs.
428 2210 479 2268 se
515 2211 706 2270 facturi
728 2257 744 2283 ‚
790 2213 829 2271 fi
866 2214 1002 2271 tanti
1027 2234 1119 2269 eos
1144 2213 1384 2270 criminis
1409 2210 1668 2290 postulare
1687 2212 2000 2291 potuissent.
2083 2213 2229 2271 Vide
2257 2212 2411 2273 sodes

140 2297 231 2342 11‘1·
429 2293 688 2372 Lightfoti
732 2292 1131 2351 observationes
1155 2338 1171 2365 ‚
1225 2295 1286 2350 in
1320 2295 1680 2372 Disquifitione
1714 2293 2125 2378 Chorographica
2161 2293 2413 2371 Johanm'

420 2376 678 2457 praemiffa.
724 2375 807 2430 Ex
831 2373 936 2432 hoc
958 2373 1248 2453 specimine
1280 2375 1540 2450 judicium
1563 2374 1681 2432 fieri
1711 2374 1915 2454 potest,
1935 2378 2125 2455 quanti
2147 2375 2409 2434 aestiman-

432 2454 531 2513 dus
554 2454 616 2513 fit
640 2455 1006 2513 Pentateuchuaes
1031 2460 1390 2515 Samaritanus
1411 2501 1427 2526 ‚
1473 2478 1637 2536 quem
1661 2455 1845 2515 insano
1875 2457 2094 2538 quidam
2121 2458 2409 2516 molimine

430 2536 744 2616 Judaeorurn
786 2534 1175 2616 praeferendum
1212 2536 1311 2595 effe
1347 2538 1626 2597 codicibus
1659 2561 1831 2619 nuper
1867 2538 2191 2597 contendere
2228 2559 2411 2621 coepe-

431 2636 575 2676 runt.
621 2619 895 2676 Caeteruln
920 2617 976 2677 id
996 2637 1217 2698 propter
1239 2621 1379 2677 viam
1403 2618 1744 2678 observatum
1769 2620 1898 2679 esto,

516 2704 665 2758 XIX.
709 2698 987 2758 Omnibus
1022 2699 1105 2756 his
1140 2700 1456 2759 nominibus
1490 2702 1782 2761 admodum
1820 2702 1960 2760 exofi
1992 2703 2114 2780 puri
2138 2695 2410 2782 sanguinis

142 2777 677 2869 cap.xxxv111.1staffitis
700 2781 1013 2840 Samaritani
1035 2777 1201 2840 fuere.
1254 2782 1436 2841 Exstat
1457 2785 1676 2865 antiqua
1701 2784 1934 2843 dirarum
1958 2782 2192 2841 formula
2216 2787 2274 2841 in
2301 2789 2406 2840 Ca-

422 2865 612 2945 pitulis
648 2867 710 2919 R.
734 2863 982 2940 Eliesaris
1003 2907 1021 2934 ,
1063 2867 1118 2920 &
1141 2865 1200 2921 in
1223 2865 1490 2923 Tanchum
1511 2909 1528 2937 ,
1572 2865 1770 2947 quibus
1795 2872 1944 2927 Ezra
1967 2909 1982 2934 ‚
2028 2864 2313 2922 Zorobabel
2346 2869 2405 2920 δε

138 2957 305 3006 form.
429 2943 597 3023 Josua
629 2944 895 3005 devovisse
934 2944 1186 3005 dicuntur
1220 2946 1439 3003 Cuthaeos
1465 2991 1481 3019 ‚
1522 2946 1845 3005 anathemate
1866 2947 2043 3003 domus
2050 2946 2251 3028 judicii
2257 2946 2410 3027 supe-

142 3013 271 3059 ΨΜ
427 3029 610 3101 noris,
653 3024 757 3090 five
781 3024 1035 3103 coelestis»,
1080 3040 1160 3090 (J
1182 3027 1507 3090 anathemate
1529 3035 1674 3090 curia
1697 3030 1987 3110 inferioris,
2016 3028 2102 3088 vel
2123 3024 2406 3095 terrestri3‚

2342 3126 2407 3165 ne
