2539 3612
439 111 554 176 344
695 92 701 96 ’
963 122 966 124 v
1065 49 1267 151 *DE
1346 90 1741 148 DECEM

434 196 609 259 vimus
634 199 656 253 ?
704 197 757 253 Si
795 213 973 254 tamen
1010 211 1186 252 tantus
1210 195 1274 251 iis
1298 194 1577 271 religionis
1603 211 1753 248 amor
1777 234 1792 260 ‚
1837 189 1970 269 quid
1996 185 2196 249 neceffe
2222 189 2325 248 fuit
2350 195 2408 251 in

431 271 550 332 loca
583 279 742 334 nullis
768 297 1008 354 unquam
1030 277 1173 331 culta
1197 272 1515 330 mortalibus
1532 317 1548 341 ‚
1592 270 1687 328 sub
1718 273 1822 328 alio
1849 270 1956 328 sole
1987 270 2204 350 aliisque
2232 271 2412 329 sideri-

429 352 528 410 bus
553 356 674 427 fita,
714 376 988 412 excurrere
1005 399 1020 423 ‚
1048 372 1237 432 atque,
1263 372 1324 410 ut
1351 374 1474 409 cum
1502 351 1780 432 Tragoedo
1807 351 2007 421 dicam,
2036 349 2186 430 supra
2210 351 2414 410 hiemes

429 433 631 512 positos
657 441 711 491 &
739 456 889 492 canas
917 438 1096 503 niveS‚
1141 457 1236 513 per
1263 436 1600 512 longinqua,
1645 432 1840 501 clausa,
1884 430 2138 501 abstrusa,
2184 431 2410 502 diversa,

428 517 604 585 invia,
633 515 921 573 hominum
945 517 1195 572 omnium
1218 513 1439 592 vestigia
1462 516 1661 570 vitare?
1702 512 1855 590 Qud
1876 512 2053 569 cauffae
2081 512 2188 570 dici
2212 511 2414 590 potest,

436 614 547 651 cur.
570 617 685 653 non
709 597 994 653 maluerint
1017 640 1033 666 ‚
1078 617 1201 652 cum
1227 592 1476 653 fratribus
1500 593 1602 652 suis
1628 615 1690 650 ex
1715 593 1852 671 Juda
1882 599 1934 650 δέ
1961 596 2272 667 Benjamine
2297 637 2314 663 ‚
2358 595 2417 650 in

435 677 663 752 patriam
697 679 920 746 reverti,
965 698 1126 756 quam
1149 679 1302 733 Deus
1328 672 1569 732 Israelitis
1598 677 1653 730 in
1677 676 1873 753 pignus
1899 676 2024 730 coeli
2049 673 2288 742 dederat,
2325 694 2416 730 ex-

435 772 515 812 tra
547 778 709 836 quam
744 759 1008 836 templum
1047 763 1101 813 δέ
1138 758 1293 816 altare
1329 754 1525 812 struere
1565 753 1711 812 nefas
1734 798 1751 824 ‚
1795 753 1890 811 ubi
1915 754 2148 833 denique
2174 752 2416 824 Mess‘iaQ

432 839 658 894 unicum
692 837 822 895 fidei
856 837 1269 896 fundamentum
1294 882 1311 908 ,
1357 834 1466 915 spei
1501 834 1735 893 fulcrum
1758 879 1774 905 ‚
1819 836 2099 915 religionis
2135 854 2378 893 centrum
2401 879 2417 905 ‚

433 917 808 995 praestolandus
833 924 977 976 erat?
1392 951 1394 953 ·

519 1003 587 1070 X.
637 1021 715 1057 1v.
742 1001 851 1057 Res
879 998 985 1078 ipsa
1008 999 1282 1079 loquitur,
1299 999 1397 1055 tale
1425 1000 1527 1055 iter
1553 999 1607 1055 in
1635 1019 1816 1055 earum
1840 1017 2016 1053 rerum
2041 1017 2266 1053 numero
2294 994 2422 1066 effe,
2489 1043 2494 1048 .

439 1101 558 1159 quae
583 1102 663 1137 res
689 1079 805 1136 fieri
836 1100 1132 1161 nequeunt.
1190 1085 1451 1157 Quonam
1479 1081 1625 1135 enim
1649 1079 1841 1156 pedem
1866 1097 2147 1140 moverent
2172 1076 2423 1134 homines

439 1160 619 1218 miseri
635 1163 893 1229 ‚inermes
909 1207 923 1231 ‚
940 1163 1075 1219 duro
1106 1158 1368 1216 servitutis
1394 1165 1523 1238 jugo
1549 1158 1841 1238 preffi‚per
1863 1158 2080 1215 hostiles
2105 1177 2263 1215 terras
2283 1159 2423 1214 varie

441 1239 654 1319 dispersi
686 1263 746 1298 ac
785 1240 1048 1320 dissipati?
1088 1238 1434 1319 Impoffibilis
1463 1259 1574 1296 erat
1596 1240 1823 1298 reditus:
1862 1239 2248 1318 inexplicabilis
2274 1259 2423 1317 aeque

439 1321 722 1401 proceffus,
782 1324 932 1379 Nam
959 1342 1050 1379 aut
1073 1320 1390 1398 revertendo
1419 1321 1604 1377 mediae
1630 1319 1866 1377 hostium
1890 1321 2172 1398 phalanges
2198 1323 2425 1397 inexpu-

441 1401 682 1482 gnabiles
705 1403 920 1461 fuiflent
943 1401 1344 1481 perrumpenda?
1371 1446 1385 1469 ‚
1431 1419 1519 1457 aut
1543 1401 1939 1479 progrediendo
1966 1403 2155 1480 ingens
2181 1421 2236 1457 ac
2264 1418 2427 1456 teter-
2504 1430 2506 1433 ·

441 1487 578 1542 rima
614 1486 780 1541 totius
817 1485 1023 1562 Scythiae
1057 1481 1325 1540 movenda
1361 1481 1537 1539 fuisset
1565 1483 1878 1550 Camarina,
1924 1486 1977 1537 ἃ*
2011 1480 2429 1539 innumerabiles

430 1564 608 1644 ¹copiae
658 1559 1098 1621 ferocissimarum
1147 1565 1396 1642 gentium
1443 1583 1611 1639 quum
1651 1560 1946 1617 laceffendae
1986 1581 2101 1617 tum
2131 1561 2426 1640 profligan-

441 1645 532 1702 dae.
605 1648 876 1714 Breviter,
922 1647 1007 1702 vel
1044 1641 1390 1710 nolentibus,
1435 1643 1519 1697 vel
1547 1640 1853 1697 volentibus
1883 1644 2101 1722 Affjvriis
2130 1640 2426 1719 susceptum

436 1729 542 1783 iter
567 1725 670 1800 est,
688 1729 742 1783 Si
765 1725 888 1795 hoc,
904 1723 1160 1805 quorsum
1187 1720 1530 1778 miraculosus
1557 1720 1649 1777 iste
1674 1720 1958 1798 Euphratis
1980 1721 2238 1790 mansium,
2258 1744 2427 1801 quum

438 1806 708 1863 ordinaria
729 1809 815 1862 via
837 1822 1039 1883 pateret
1063 1809 1084 1860 ?
1128 1804 1269 1859 Non
1297 1801 1428 1859 solet
1453 1805 1605 1858 Deus
1632 1804 1883 1858 miracula
1909 1804 2037 1859 citra
2065 1801 2421 1869 neceffitatem

441 1887 632 1945 facere.
678 1889 773 1944 Sin
800 1887 960 1956 illud,
988 1906 1100 1964 quo
1128 1886 1284 1962 pafro
1309 1890 1498 1963 jugum
1525 1902 1768 1940 excutere
1794 1903 2118 1961 potuerunt,
2150 1885 2300 1963 quod
2326 1886 2431 1942 toti

442 1986 573 2026 tunc
597 1967 804 2025 mundo
833 1988 991 2048 grave
1017 1971 1160 2023 erat?
1206 1984 1294 2022 aut
1321 1970 1508 2033 armiS‚
1552 1965 1773 2032 animi5‚
1820 1963 1982 2032 duce,
2011 1968 2273 2044 omnique
2300 1985 2433 2045 prae-

441 2049 576 2107 fidio
603 2048 870 2118 destituti,
917 2051 976 2106 in
1000 2046 1301 2105 libertatem
1327 2042 1377 2100 se
1404 2043 1643 2112 affer-ere,
1673 2065 1862 2122 quam,
1892 2043 2030 2101 hisce
2060 2046 2316 2102 omnibus
2342 2050 2429 2104 in-

442 2129 626 2188 struffli
642 2172 661 2204 9
691 2128 812 2209 post
836 2133 1004 2210 patria
1029 2130 1231 2184 moenia
1255 2127 1395 2182 tueri
1420 2147 1535 2181 non
1558 2126 1862 2181 valuerant?
1889 2125 2013 2182 Nifi
2041 2123 2247 2183 fortasse
2273 2130 2426 2184 Deus

441 2210 553 2270 dm*
586 2218 834 2285 μηχανῆς.
920 2210 1022 2267 Sed
1054 2207 1141 2264 hic
1167 2209 1329 2283 longe
1355 2207 1451 2262 alia
1480 2208 1543 2262 iis
1568 2207 1938 2262 interminatus
1964 2204 2053 2262 est.
2109 2211 2238 2264 LeV.
2267 2227 2428 2264 xxvr.

451 2313 541 2370 37.
562 2295 651 2370 38.
681 2296 808 2347 Non
833 2297 930 2347 erit
953 2288 1098 2346 vobis
1122 2286 1411 2366 confistendi
1423 2289 1659 2363 facultas
1684 2285 1924 2362 adversus
1950 2292 2184 2343 inimicos
2209 2288 2394 2366 vestros
2410 2309 2429 2344 .·

438 2371 531 2452 fid
547 2370 786 2455 peribitis
813 2377 867 2427 in
895 2373 1006 2455 z'pfis
1019 2367 1255 2451 gentibus
1283 2380 1360 2425 (φ’
1382 2367 1597 2446 absumet
1620 2389 1712 2424 vos
1736 2385 1875 2425 terra
1900 2373 2223 2427 inimicorum
2241 2369 2432 2448 vestro-

447 2476 578 2512 rum.

536 2538 631 2592 XI.
675 2557 723 2592 v.
751 2541 922 2593 Porro
956 2533 1013 2592 id
1039 2532 1281 2612 expediri
1305 2532 1440 2589 mihi
1466 2532 1626 2589 velim
1652 2575 1667 2601 ,
1725 2532 1762 2589 fi
1788 2554 1974 2590 verum
1996 2531 2058 2590 sit
2081 2532 2228 2614 quod
2257 2529 2434 2589 refluae

454 2615 743 2694 Euphratis
778 2615 931 2673 undae
966 2612 1357 2672 transeuntibus
1384 2616 1525 2670 viam
1548 2611 1795 2672 tribubus
1822 2613 2048 2672 fecerint
2074 2660 2090 2686 ,
2135 2615 2228 2696 qui
2258 2613 2349 2671 fiat
2373 2629 2434 2669 ut

446 2719 634 2777 >neque
671 2695 818 2754 sacrae
851 2717 1028 2775 neque
1065 2697 1283 2752 exoticae
1313 2693 1567 2752 Historiae
1604 2713 1713 2753 tam
1752 2697 1876 2753 miri
1913 2696 2141 2754 mirandi
2167 2696 2436 2754 memine-

457 2781 603 2835 rint?
633 2778 748 2856 Qi
773 2779 919 2835 enim
947 2777 1199 2855 potuiffet
1225 2796 1304 2831 res
1329 2793 1435 2832 tam
1461 2775 1796 2855 prodigiosa,
1827 2779 1885 2834 in
1911 2793 2018 2832 tam
2043 2779 2175 2835 clara
2199 2780 2344 2844 luce,
2373 2775 2430 2830 in

459 2857 876 2916 celebratissimis
902 2856 1155 2938 gentibus
1169 2901 1184 2926 ‚
1203 2858 1259 2912 in
1284 2856 1562 2913 cultissima
1585 2859 1751 2914 totius
1775 2875 2029 2915 terrarum
2048 2857 2194 2915 orbis
2209 2860 2431 2937 regione

458 2938 626 3009 facta,
671 2938 710 2996 fi
743 2939 878 2997 facta
899 2984 915 3010 ‚
958 2940 1117 2996 latere
1140 2981 1158 3006 ,
1201 2955 1290 2993 aut
1323 2936 1531 2994 silentio
1565 2940 1931 3015 praetermitti?
1979 2939 2096 2996 Cur
2129 2941 2303 2997 nullus
2340 2933 2436 2989 sal-

457 3037 570 3078 tem
605 3020 855 3102 Joftphus
876 3064 894 3094 ‚
937 3037 1111 3079 tantus
1146 3040 1323 3078 rerum
1355 3021 1534 3099 gentis
1568 3017 1668 3077 suae
1703 3018 2020 3079 buccinator
2041 3061 2061 3095 ,
2104 3022 2189 3080 vel
2212 3015 2435 3079 verbulo

2322 3116 2437 3156 eam
