2539 3612
437 136 1042 223 Funmmmmc'ss
1086 151 1774 212 CHR15T1ANORuM.
2026 176 2146 234 459

225 251 344 308 LX.
387 250 537 310 Idem
591 252 867 311 statuimus
921 253 987 312 de
1041 256 1383 333 Imperatoris
1426 253 1606 311 Editio
1651 275 1752 332 pro
1803 253 2134 317 Christianis

142 328 285 387 Non
330 332 584 391 audemus
612 333 860 413 profe6³m
890 356 957 391 eo
984 334 1218 404 trahere,
1262 357 1440 414 neque
1467 334 1746 392 historiam
1780 336 1925 393 illam
1959 339 2158 412 ‘Eusebia‘

145 408 212 467 de
238 433 344 490 qua
365 413 514 493 Thest
532 435 614 472 1x.
638 414 712 471 ob
738 417 971 472 rationes
997 413 1149 494 supra
1174 417 1446 495 allegatas3
1472 438 1652 494 neque
1681 418 1907 499 Ulpiani
1933 418 2065 474 illud
2091 418 2158 475 de

143 490 366 569 Judaeis.
412 495 584 574 rol
613 494 676 552 ad
700 494 836 552 hanc
863 517 977 552 rem
1001 518 1116 553 non
1141 500 1439 574 pertinere,
1484 516 1593 553 tam
1621 498 1678 552 in
1703 499 1935 574 proclivi
1962 499 2036 555 est
2059 520 2160 577 pa·-

142 572 248 629 lam
274 572 474 646 facere,
520 598 680 655 quam
708 576 883 633 imber
920 599 1091 654 quum
1116 579 1270 655 pluit.
1315 578 1465 634 Nam
1491 576 1691 634 etiamsi
1721 599 1907 636 verum
1937 578 2156 659 fit,Ju-

142 651 263 710 daeis
287 657 574 735 aliquando
603 657 890 716 accenfitos
920 656 1072 715 fuiffe
1113 659 1458 736 Christianos,
1486 658 1794 736 horumque
1831 661 2158 739 religionem

143 733 392 793 Ethnicis
416 736 762 815 scriptoribus
786 761 881 818 per
905 740 1230 819 ᾒςξτλιασμδν
1244 740 1646 822 superstitionem
1671 739 1865 796 dictam
1890 739 1988 798 effe
2010 763 2158 801 :non

144 831 325 873 tamen
341 817 594 876 credibile
620 818 712 890 est,
729 811 1081 899 Imperatores
1107 825 1310 878 recenti
1337 819 1609 876 beneficio
1630 819 1941 898 Chrzstiunis
1956 821 2156 880 obstri-

142 896 292 960 ἃοε,
336 919 428 954 eos
472 901 556 956 vel
597 920 722 958 cum
754 901 958 979 Judaeis
995 900 1215 959 voluisse
1253 899 1619 971 confundere,
1663 903 1749 958 vel
1786 902 1916 960 dum
1961 925 2154 966 eorum

144 976 366 1035 caussam
391 981 503 1036 aliis
532 981 1138 1051 commendabantmon
1163 980 1464 1040 abstinuisse
1490 983 1800 1040 aconvitio.
1846 989 1972 1062 Qa
1999 988 2150 1046 enim

143 1056 316 1136 specie
354 1082 470 1117 eam
509 1061 1304 1142 Christianorum·religionem
1332 1107 1347 1133 ,
1392 1085 1553 1142 quam
1593 1063 1656 1120 ad
1693 1061 1771 1120 sui
1801 1109 1817 1134 ,
1871 1065 2149 1145 totiusque

145 1140 385 1197 Romani
415 1144 674 1199 exercitus
705 1142 1168 1201 conservationem
1193 1163 1301 1201 tam
1331 1144 1559 1200 validam
1586 1164 1991 1222 compererant,
2020 1168 2149 1204 mox

146 1221 340 1278 odioso
369 1222 614 1298 Juduicae
626 1224 992 1306 fitperstitionis
1017 1227 1262 1282 convitio
1296 1222 1674 1282 traduxissent?

223 1306 366 1360 LXI.
417 1305 548 1369 Sed,
597 1306 745 1383 quod
784 1325 942 1383 caput
981 1308 1058 1362 rei
1094 1304 1196 1371 est,
1240 1330 1355 1363 non
1382 1303 1587 1361 constat
1611 1304 1850 1383 rescripti
1875 1304 2029 1380 hujus
2054 1329 2148 1365 au·-

134 1382 314 1438 Ctores
348 1386 525 1440 Divos
550 1388 751 1442 Fratres
790 1392 885 1443 M.
931 1390 1218 1443 Aurelium
1258 1391 1593 1444 Antoninum
1621 1398 1698 1443 (Υ
1718 1391 1933 1442 Lucium
1956 1393 2148 1445 Verum

142 1460 294 1518 fuisse
312 1465 539 1540 :optimi
566 1467 714 1519 enim
739 1466 951 1522 codices
976 1470 1423 1544 legunt‚Severus
1449 1471 1504 1522 δε
1531 1470 1855 1523 Antoninus.
1882 1470 1999 1546 Qi
2015 1473 2149 1526 An-

141 1549 344 1598 toninus
387 1548 691 1612 Caracalla,
735 1550 914 1600 Severi
949 1549 1147 1613 Filius,
1197 1547 1261 1602 ab
1300 1548 1406 1604 hoc
1434 1546 1618 1604 nostro
1651 1547 2020 1605 diversissimus
2049 1548 2142 1609 est.

140 1625 217 1680 Et
240 1620 546 1702 suffragatur
570 1625 739 1680 ratio:
786 1647 910 1681 nam
939 1627 994 1681 in
1022 1626 1286 1704 rescriptis
1312 1632 1577 1683 Divorum
1602 1635 1877 1698 Fratrum,
1906 1635 2145 1688 Antoni·-

139 1725 262 1761 num
287 1708 416 1760 Vero
445 1703 628 1781 passim
654 1708 893 1783 praeponi
917 1704 1157 1761 Videmus
1172 1731 1186 1773 3
1204 1726 1390 1763 contra
1415 1730 1575 1785 quam
1600 1707 1689 1764 hic
1715 1707 1822 1766 fine
1849 1713 1954 1768 ulla
1979 1711 2144 1769 caussa

141 1785 262 1842 fieri
289 1785 538 1843 cred2't21r.
605 1787 678 1841 Et
704 1785 740 1841 fi
773 1787 857 1841 vel
885 1784 1147 1842 constaret
1171 1790 1506 1842 Antoninum
1530 1787 1775 1844 nostrum
1811 1811 1935 1848 cum
1964 1795 2143 1849 Fratre
2195 1837 2200 1840 -

140 1872 272 1925 Vero
316 1863 404 1922 hic
440 1866 665 1935 laudari3
710 1865 848 1923 nihil
874 1884 1052 1923 tamen
1080 1867 1206 1924 inde
1235 1867 1409 1925 cauffae
1434 1867 1558 1923 huic
1579 1867 1800 1947 praefidii
1828 1869 1967 1929 effet.
2009 1875 2142 1931 Ete-

141 1950 259 2005 nim
294 1947 557 2028 quicquid
592 1970 620 2004 a
657 1951 826 2004 Divis
850 1946 1122 2003 Fratribus
1140 1992 1155 2018 ,
1200 1967 1260 2005 ut
1287 1951 1344 2006 in
1371 1955 1484 2024 jure
1513 1950 1772 2006 Romano
1802 1949 1910 2008 dici
1935 1951 2147 2023 solent,-

140 2027 296 2087 fimul
326 2028 517 2104 jussum
553 2027 656 2093 est,
702 2028 758 2085 id
795 2029 858 2086 ad
883 2029 1174 2086 minimum
1199 2030 1580 2110 quinquennio
1607 2032 1692 2087 vel
1715 2029 1895 2088 saltem
1920 2034 2140 2112 quadri..

141 2112 309 2167 ennio
345 2106 722 2166 miraculosum
749 2109 998 2166 nimbum
1028 2110 1329 2181 anteceffit,
1364 2117 1418 2167 &
1445 2110 1835 2190 consequenter
1860 2115 2011 2172 illum
2034 2137 2149 2195 pro*

135 2189 493 2248 fundamento
528 2188 722 2246 habere
763 2213 879 2247 non
909 2189 1100 2268 potest.
1155 2194 1365 2250 Bellum
1390 2194 1591 2271 quippe
1615 2193 1916 2272 Qudicum
1944 2197 2140 2255 incidit:

140 2274 200 2329 in
225 2293 428 2328 annum
453 2274 645 2326 Marci
668 2292 788 2327 x1v.
822 2271 973 2349 quod
998 2277 1051 2327 &
1078 2272 1228 2351 supra
1253 2277 1583 2331 monuimus.
1643 2278 1702 2331 V
1692 2297 1802 2332 erm
1832 2295 2010 2334 autem
2039 2300 2138 2335 an-

140 2374 216 2409 no
262 2373 332 2410 JX
368 2355 595 2423 Murci,
638 2349 704 2408 ad
741 2369 1041 2409 extremum
1096 2377 1160 2423 x,
1205 2357 1263 2411 in
1300 2354 1551 2412 vehiculo
1597 2376 1721 2412 cum
1757 2354 1915 2414 fratre
1952 2356 2136 2416 sedens

137 2434 416 2511 apoplexia
443 2450 716 2509 correptus
743 2435 920 2510 periit.
962 2433 1131 2492 Unde
1157 2436 1559 2504 concludimus,
1585 2435 1827 2514 rescripti
1850 2440 1990 2495 illius
2007 2441 2134 2497 alle·

136 2516 417 2595 gationem
455 2513 665 2590 prorius
704 2513 803 2570 effe
845 2514 1253 2590 οἱπροσδιόνυζονι
1299 2523 1354 2573 &
1381 2517 1688 2594 Gothofredo
1726 2517 2133 2598 adstipulamur,

141 2597 238 2675 qui
267 2594 323 2652 id
357 2594 421 2652 de
445 2593 649 2673 Judaeis
670 2597 886 2672 proprie
928 2594 996 2653 fic
1024 2596 1177 2654 distis
1200 2598 1616 2677 intelligendum
1640 2599 1833 2655 docet:
1877 2623 2047 2677 quum
2077 2607 2144 2658 δε

139 2675 268 2747 alibi
306 2687 500 2732 notum
537 2674 629 2743 fit,
674 2673 1031 2755 cujuscunque
1061 2677 1447 2757 superstitionis
1472 2681 1616 2735 viros
1640 2677 1703 2735 ad
1727 2682 2134 2737 Decurionutum

138 2759 450 2837 promoveri
474 2753 616 2834 posse
633 2800 648 2824 ‚
663 2761 717 2812 &
747 2758 973 2835 collegia
996 2759 1306 2837 Judaeorum
1327 2758 1390 2817 ab
1406 2759 1829 2838 Imperatoribus
1857 2760 2133 2819 interdum

140 2835 396 2918 probata,
439 2836 710 2893 interdum
746 2837 1044 2916 improbata
1069 2838 1185 2897 effe,

218 2918 390 2974 LXII.
427 2919 628 2975 Firmat
665 2916 800 2975 hanc
840 2919 1234 2997 expositionem
1259 2921 1520 2998 Francisci
1547 2920 1802 2977 Balduini
1828 2919 2130 2980 observatio

138 3002 197 3058 in
224 2998 435 3056 erudlto
461 2996 602 3055 libro
627 2998 699 3055 ad
724 2999 888 3055 edzffa
917 3006 1214 3084 Principum
1241 3009 1578 3059 Romanorum
1602 3001 1664 3057 de
1682 3000 2130 3074 Christianis,cu-

138 3087 220 3159 jus
245 3078 381 3138 mihi
428 3081 641 3158 copiam
678 3078 809 3139 fecit
859 3082 965 3140 Vir
1004 3079 1407 3141 humaniffimus
1451 3082 1703 3164 idemque
1749 3082 2127 3142 literatissimus

1229 3166 1434 3223 Mmm
1480 3183 1508 3220 2
1980 3166 2130 3222 AN·-
