2539 3612
371 137 486 217 418
1020 133 1164 192 DE
1245 126 1673 203 DECEM*

375 237 604 317 signari,
649 236 738 294 cui
774 252 899 292 cum
915 231 1059 312 filiis
1084 233 1174 292 sua
1200 233 1607 314 praescribuntur
1641 240 1772 310 jura.
1822 243 2084 312 cap.va:
2103 254 2158 305 7.
2183 238 2239 292 &
2262 235 2373 318 seq.¹

374 326 652 377 va1216.
671 319 945 374 Caeterum
968 318 1156 373 omnia
1179 315 1353 373 isthaec
1379 316 1649 396 mysticam
1674 314 1873 374 habent
1898 313 2366 396 significationem.

375 399 536 475 Iftaeb'l
573 400 799 476 Ecclcfia
837 394 942 468 est,
987 403 1134 472 cujus
1169 419 1286 455 non
1323 398 1721 458 contemnenda
1749 397 2035 476 aliquando
2068 419 2183 477 pars
2211 417 2370 457 erunt

377 478 797 538 Patriarcharum
821 495 1067 556 nepotes.
1109 478 1404 536 Sacerdotes
1431 479 1668 555 Ifi‘ab'lis,
1711 479 1833 536 sunt
1861 481 2086 558 Ecclefiae
2109 479 2374 549 Doffores,

380 564 476 638 qui
512 582 592 617 res
629 560 744 617 Dei
781 559 922 637 apud
970 559 1288 631 Ecclefiam,
1331 581 1412 618 res
1434 559 1678 618 Ecclefiae
1714 559 1854 640 apud
1881 561 2069 617 Deum
2095 577 2376 641 peragunt.

375 642 493 699 mis
530 641 892 698 committitur
913 640 1175 722 judicium
1199 642 1348 726 ffiper
1375 645 1468 700 lite
1487 686 1502 712 ,
1546 643 1807 699 nimirum
1831 641 1889 698 in
1918 643 2146 721 negotio
2172 644 2382 721 religio-

381 726 465 779 m's
502 728 556 780 &
582 722 747 801 fidei,
790 740 854 779 ut
885 721 1186 780 informent
1209 723 1453 781 rudiores
1480 722 1548 781 ad
1570 723 1796 780 omnem
1820 721 2161 801 prudentiam
2191 727 2246 779 &
2274 719 2387 780 dis-—

385 806 718 874 cretionem,
763 809 818 861 &
855 802 1226 862 demonstrent
1252 804 1317 863 ad
1340 803 1755 874 conscientiam,
1801 802 1936 883 quid
1962 802 2257 861 secundum
2279 824 2385 860 vo-

385 885 646 943 luntatem
672 887 786 943 Dei
809 885 1240 964 amplectendum
1263 904 1355 944 aut
1378 884 1731 961 rejiciendum
1756 883 1833 941 sit.
1918 886 2051 942 Hoc
2075 884 2386 943 faciendum

385 965 510 1045 ipsis
538 966 611 1025 est
625 965 903 1043 ficundum
920 971 1077 1047 jura,
1119 965 1222 1025 five
1233 967 1445 1051 judicia
1469 966 1679 1036 Dei,id
1703 963 1795 1035 est,
1809 963 2100 1023 secundum
2129 972 2388 1023 Cimonem

385 1047 533 1105 verbi
569 1047 763 1128 ipfius:
811 1069 880 1105 ne
922 1051 1059 1106 ratio
1086 1048 1368 1118 credendi,
1414 1046 1660 1118 dicendi,
1704 1046 1939 1105 faciendi
1963 1047 2062 1104 alia
2089 1045 2179 1116 fit,
2223 1067 2390 1127 quam

384 1130 607 1187 Divinae
640 1131 935 1187 voluntatis
969 1151 1064 1209 per
1103 1132 1398 1210 Scripturas
1435 1130 1737 1188 declaratio,
1823 1134 2067 1211 Princeps
2094 1145 2275 1185 autem
2299 1128 2390 1185 ille
2469 1175 2471 1178 Α

385 1229 515 1268 cum
526 1210 669 1289 filiis
693 1209 826 1282 suis,
870 1209 1133 1291 fignificat
1147 1217 1266 1295 pios
1287 1213 1480 1291 populi
1506 1209 1801 1269 Christiani
1825 1210 2214 1290 Magistratus,
2259 1230 2392 1290 qua-

387 1290 464 1348 les
489 1294 650 1349 etiam
674 1290 918 1349 converfi
942 1290 1179 1350 Israelitae
1204 1291 1513 1364 habebunt,
1545 1291 1641 1350 sub
1669 1291 1866 1372 quibus
1895 1312 2011 1349 non
2038 1308 2294 1371 tanquam
2318 1291 2394 1346 ri-

387 1372 531 1451 gidis
565 1374 760 1431 victuri
796 1372 919 1430 sunt
953 1375 1248 1445 DominiS‚
1293 1372 1385 1433 {ed—
1423 1393 1677 1454 tanquam
1713 1372 1950 1450 patribus
1985 1388 2075 1428 aut
2110 1369 2360 1428 fratribus
2372 1414 2393 1440 ,

389 1451 538 1511 suam
561 1452 659 1512 fibi
684 1456 1001 1534 portionem
1027 1456 1085 1512 in
1109 1453 1411 1513 haereditate
1439 1453 1721 1511 communi
1745 1449 2068 1510 habentibus
2084 1494 2101 1519 ,
2121 1455 2178 1508 &
2201 1452 2395 1523 Eccle5

395 1532 524 1592 fiam
547 1534 965 1615 protegentibus
986 1533 1419 1614 juvantibusque.

472 1620 571 1673 XI.
613 1617 799 1672 Multo
826 1617 1007 1671 minus
1031 1614 1296 1672 credimus
1311 1659 1327 1684 ,
1342 1612 1607 1670 conversis
1630 1612 1949 1694 reversisque
1968 1615 2026 1670 in
2038 1631 2232 1671 terram
2247 1611 2393 1672 suam

393 1694 647 1755 Israelitis
671 1712 875 1752 veteres
898 1692 1207 1750 restitutum
1232 1695 1300 1750 iri
1323 1698 1650 1750 caerimonias.
1693 1694 1844 1752 Nam
1864 1738 1881 1763 ,
1907 1692 2058 1773 quod
2082 1693 2210 1750 alibi
2236 1716 2265 1751 a
2288 1712 2396 1752 'no-

395 1774 485 1833 bis
508 1770 1031 1834 demonstratum-est
1056 1771 1248 1844 fusmS,
1295 1772 1371 1830 est
1396 1775 1455 1831 in
1490 1776 1814 1832 caerimoniis
1822 1779 2039 1856 jugum,
2066 1775 2217 1855 quod
2240 1772 2397 1836 liber-

398 1860 520 1913 tatis
541 1873 787 1934 tempore
815 1851 1093 1936 confringi
1120 1853 1325 1913 debuit.
1368 1852 1463 1912 Est
1477 1853 1806 1938 paedagogia,
1836 1856 2248 1936 &exprobratio
2263 1874 2397 1939 pue.

397 1942 554 2007 ritiae,
583 1957 700 2016 quae
723 1936 909 1995 adulta
933 1951 1074 1994 aetate
1096 1957 1211 1995 non
1234 1934 1411 2016 potest
1433 1934 1626 1994 habere
1650 1938 1849 1995 locum.
1893 1936 1988 1995 Est
1997 1938 2195 2020 fhptum
2213 1944 2394 2022 parie-

399 2025 473 2074 tis
508 2024 835 2098 inteigerini,
881 2015 1342 2098 confringendum
1377 2017 1595 2097 quando
1625 2019 1783 2075 omni
1808 2023 2076 2076 nationum
2099 2020 2394 2095 disbrimine

383 2098 617 2175 ficblam,
660 2098 876 2157 Meffias
900 2098 1111 2158 futurus
1137 2098 1211 2157 est
1235 2104 1409 2156 omnia
1432 2103 1488 2154 in
1514 2096 1757 2156 omnibus;
1801 2096 1896 2155 Est
1920 2104 2230 2166 inimicitia,
2256 2099 2393 2157 abo-

397 2179 556 2239 lenda
590 2202 657 2239 eo
697 2200 942 2261 tempore
983 2203 1096 2261 quo
1131 2178 1345 2238 Messias
1361 2198 1544 2261 pacem
1572 2179 1986 2237 annunciaturus
2011 2178 2085 2237 est
2109 2179 2397 2260 gentibuS,

402 2279 514 2319 tam
552 2283 681 2320 cum
713 2260 927 2331 Israe'le,
970 2282 1133 2341 quam
1168 2281 1291 2317 cum
1327 2262 1475 2319 Deo,
1553 2257 1648 2319 Est
1684 2259 1918 2340 denique
1957 2259 2394 2344 Chirographum‚

400 2345 736 2400 convincens
771 2359 945 2400 reatus
983 2340 1232 2399 nondum
1268 2342 1507 2421 expiati,
1563 2362 1621 2398 ac
1657 2362 1774 2401 non
1809 2339 2046 2421 praestitae
2081 2341 2403 2414 solutionis3

404 2421 589 2501 quod,
615 2421 872 2480 omnibus
896 2443 995 2502 per
1018 2421 1267 2480 Meffiam
1291 2421 1670 2488 consummatis
1685 2468 1700 2494 ,
1746 2425 1906 2503 eique
1930 2425 1988 2480 in
2014 2421 2407 2482 resurreetione*

407 2501 648 2560 conceffa
679 2502 906 2587 apocha,
950 2502 1016 2561 de
1052 2503 1236 2562 medio
1280 2504 1584 2562 tollendum
1608 2504 1712 2574 est,
1755 2526 1825 2562 ne
1848 2504 2018 2563 ullum
2040 2506 2154 2563 Dei
2177 2502 2396 2564 institu-

407 2602 527 2642 tum
553 2602 741 2642 contra
761 2585 1040 2643 veritatem
1063 2590 1117 2641 δε
1140 2583 1315 2643 filium
1337 2588 1450 2643 Dei
1472 2583 1648 2643 testari
1673 2586 2049 2665 comperiatur.

491 2668 616 2723 XII.
696 2666 837 2724 Non
893 2658 1121 2735 nescio,
1177 2667 1522 2725 Ezechielem
1572 2671 1731 2724 Novi
1784 2668 1990 2750 Templi
2040 2667 2136 2726 sub
2191 2666 2392 2727 Meffiae

410 2766 582 2826 regno
626 2744 863 2806 struendi
906 2765 1200 2805 accuratam
1243 2747 1414 2806 nobis·
1446 2748 1621 2808 ideam
1664 2750 1871 2828 prolixe
1914 2747 2222 2808 describere.
2292 2749 2400 2808 Sed·

409 2844 602 2886 omnes
635 2827 1039 2887 circumstantiae
1079 2831 1379 2902 clamitant,
1424 2852 1540 2888 non
1575 2829 1674 2888 effe
1716 2829 1849 2888 illud
1888 2831 2300 2911 intelligendum
2327 2829 2393 2888 de

408 2913 618 2992 Templo
660 2913 957 2981 materiali,
999 2911 1170 2990 qualis
1209 2909 1317 2969 fuit
1350 2911 1483 2971 aedes
1522 2935 1550 2971 a
1591 2916 1857 2969 Salomone
1892 2910 2162 2972 aedificata.
2245 2910 2392 2968 Nam

411 2993 680 3049 materiale
716 2994 980 3072 templum
1020 2990 1189 3051 debet
1223 2992 1323 3051 effe
1367 2996 1425 3051 in
1468 2992 1603 3051 tribu
1647 2991 1819 3073 Judae,
1863 2994 1921 3050 in
1963 2991 2080 3051 urbe
2104 2990 2397 3070 Hierofhly-

413 3094 533 3143 maa
575 3077 631 3131 &
675 3076 735 3134 in
775 3091 944 3136 monte
983 3079 1170 3134 Sionis.
1264 3073 1488 3139 Exstant
1520 3073 1681 3139 verba
1719 3076 1835 3135 Dei
1875 3072 2073 3154 quibus
2111 3071 2397 3210 profitetuir

2367 3170 2401 3209 e
