2539 3612
68 2210 213 2250 aaron.
236 2205 281 2246 ad

75 2268 155 2307 M.
165 2272 209 2303 GV
219 2276 234 2304 1
248 2276 262 2304 1
275 2273 309 2305 1.

349 188 465 280 448
872 191 1291 253 Dim-mnu
1331 209 1427 253 DE
1467 192 1828 252 Lem-oux

348 283 490 344 stum
515 288 772 370 ignoratis
797 294 851 347 δε
880 292 1138 368 Spiritum
1167 297 1275 366 ejus
1301 315 1416 350 non
1444 291 1684 363 habetis,
1719 293 1784 351 de
1828 289 2098 350 sanctitate
2129 291 2364 371 gloriari.

359 367 632 427 Umbram
657 392 757 448 pro
790 391 1014 448 corpore
1042 375 1419 451 amplexamini
1441 419 1453 439 ,
1483 378 1534 429 &
1551 417 1567 442 ,
1593 391 1656 430 ut
1680 372 1848 430 vestra
1874 373 2031 430 vobis
2056 372 2221 429 verba
2243 373 2365 431 red-

359 446 497 519 dam,
511 472 610 528 pro
634 452 855 523 Junone
882 449 1102 508 nubem.
1146 455 1220 510 Et
1243 474 1332 524 tn,
1371 456 1554 511 Marce
1580 455 1800 521 Aureli,
1826 475 1955 511 cave
1982 457 2177 511 iterum
2204 453 2367 531 scrip·

366 526 515 599 seriS,
563 537 664 587 Dii
698 554 776 587 me
814 549 1045 589 tuentur:
1091 538 1221 590 Diis
1291 543 1407 592 ietas
1436 535 1600 606 nostra
1623 535 1765 591 cordi
1792 535 1870 613 est.
1917 535 2118 613 Neque
2153 535 2230 590 illi
2255 536 2360 593 Dii

366 606 490 665 sunt
517 633 655 689 quos
681 631 738 668 tu
767 635 922 671 vocas
939 639 954 683 3
1000 612 1087 671 sed
1112 632 1201 671 aut
1229 555 1468 675 dizfunffi
1493 614 1771 683 homines,
1800 635 1890 673 aut
1916 618 2039 671 mali
2072 615 2357 673 daemones:

366 707 545 768 neque
570 695 736 769 pietas
760 696 849 750 'illa
879 694 953 751 est
986 716 1144 773 quam
1177 714 1237 753 tu
1265 698 1444 771 jactam,
1491 718 1554 753 ex
1580 697 1842 752 Saliorum
1865 695 2045 752 hausta
2068 695 2356 753 institutis:

366 766 457 826 sed
483 793 764 830 occoecatae
790 779 985 832 mentis
1010 776 1336 850 ludibrium,
1374 784 1424 834 δε
1451 773 1750 854 superstitio
1775 776 2162 848 abominanda,
2208 781 2358 850 cujus

368 850 570 929 pudere
612 856 697 911 vel
731 855 1114 935 philosophum
1151 857 1344 915 decuit.
1403 859 1458 913 Si
1487 856 1619 936 quid
1643 874 1821 913 autem
1845 860 2048 914 externi
2072 859 2275 935 praemii
2301 858 2359 913 in

369 936 539 1009 veteri
582 957 639 992 ac
676 957 806 993 vana
843 939 1107 1016 religione
1136 938 1381 1015 precibus
1406 935 1507 993 suis
1539 935 1818 994 consecuta
1843 939 2136 994 Gentilitas
2159 937 2260 1006 est,
2307 936 2363 995 id

371 1037 401 1074 a
426 1014 610 1072 nostro
642 1017 862 1095 quidem
890 1017 963 1074 est
1001 1015 1304 1096 profectum
1333 1023 1491 1075 Deo:
1542 1016 1628 1073 sed
1659 1021 1753 1098 qui
1777 1020 2072 1097 imaginem
2098 1018 2364 1095 quandam

369 1117 428 1152 ac
456 1094 684 1173 speciem
723 1100 1002 1178 religionis
1039 1100 1372 1158 munerando
1389 1143 1406 1169 ‚
1455 1097 1734 1157 ostendere
1759 1101 1962 1170 voluit,
2007 1099 2138 1178 quid
2167 1100 2223 1155 in
2245 1119 2365 1155 vera

373 1175 548 1234 facere
595 1177 771 1236 soleat.

455 1261 597 1315 XLI.
655 1260 720 1317 ld
747 1283 877 1340 ergo
915 1261 1168 1341 superesse
1198 1262 1438 1333 videtur,
1484 1280 1547 1319 ut
1572 1262 1973 1340 Christianorum
1996 1263 2224 1317 militum
2240 1278 2363 1342 pre-

373 1338 514 1396 cibus
537 1343 761 1419 gratiam
785 1342 920 1400 hanc
950 1342 1133 1401 deberi
1160 1342 1434 1401 fateamur.
1523 1345 1854 1422 Qicunque
1882 1343 2029 1399 enim
2047 1343 2364 1397 miraculum

373 1418 483 1478 hoc
506 1443 851 1482 narraverunt
874 1425 1170 1493 Historici‚
1217 1427 1440 1482 alterum
1468 1449 1531 1484 ex
1561 1424 1730 1481 tribus
1755 1421 1893 1478 hisce
1917 1425 2145 1493 jaciunt,
2198 1440 2256 1476 ut
2281 1421 2365 1476 vel

375 1507 610 1580 Mzgicae
639 1510 745 1567 arti
772 1547 788 1573 ‚
831 1506 916 1563 vel
942 1511 1273 1586 Imperatoris
1297 1512 1520 1586 pietati,
1564 1504 1648 1559 vel
1690 1501 2367 1581 Christianorum-fitpplica—

370 1583 592 1640 tionibus
633 1585 966 1643 attribuatur.
1049 1585 1147 1660 Isto
1187 1602 1364 1640 autem
1388 1624 1402 1649 ,
1446 1587 1620 1640 &illo
1663 1580 1931 1646 refutato,
1971 1581 2062 1636 hoc
2091 1578 2261 1637 solum
2278 1601 2364 1636 re·-

374 1681 575 1721 manet.
656 1665 827 1742 Qod
870 1685 1033 1742 porro
1059 1685 1203 1722 nunc
1229 1663 1390 1719 nobis
1417 1660 1793 1720 deducendum
1819 1660 1921 1731 est,
1967 1678 2126 1740 atque
2157 1657 2362 1717 confir-

375 1744 649 1801 mantium.
954 1806 957 1809 ,

457 1827 626 1880 XLn.
674 1825 734 1882 Id
759 1825 948 1904 utique
977 1823 1211 1894 constat,
1229 1823 1540 1902 Christianos
1568 1825 1704 1881 circa
1729 1823 1816 1879 illa
1839 1839 2081 1900 tempora
2103 1821 2361 1901 frequen-

380 1919 461 1960 ter
483 1907 737 1986 militasse.
781 1908 870 1963 De
899 1907 1128 1987 Trajano
1157 1904 1424 1975 referunt,
1453 1902 1621 1985 quum
1647 1908 1703 1962 in
1732 1905 2077 1982 expeditione
2105 1904 2363 1960 Orienta-

377 1986 449 2056 li,
494 2007 644 2043 more
668 1993 964 2061 majorum,
1007 1985 1246 2044 lustraret
1279 1988 1602 2053 exercitum,
1643 1988 1893 2043 inventos
1918 1987 1977 2042 in
2001 2007 2068 2041 eo
2096 1981 2246 2042 fuisse
2269 1983 2361 2039 de·-

377 2087 485 2122 cem
521 2071 661 2124 mille
703 2068 1045 2150 Christianos,
1092 2067 1226 2126 sacra
1253 2068 1352 2126 diis
1381 2066 1549 2124 facere
1575 2068 1900 2131 recusanteS,
1948 2088 2084 2144 quos
2110 2089 2139 2123 a
2165 2065 2364 2122 caeteris

373 2145 673 2229 segregatos
697 2152 753 2206 in
780 2153 1098 2208 Armeniam
1123 2151 1461 2229 relegaverit,
1505 2167 1566 2204 ut
1590 2169 1649 2204 ea
1675 2148 1979 2226 ignominia
2006 2148 2177 2203 notati
2198 2143 2363 2203 Chri-

375 2227 530 2288 stiani
570 2229 668 2287 esse
699 2230 1013 2289 desinerent.
1058 2234 1143 2288 Sic
1178 2231 1374 2286 milites
1400 2227 1732 2284 Christianos
1759 2227 2107 2306 quadraginta
2130 2226 2214 2283 sex
2237 2226 2359 2282 Ro-

372 2333 474 2370 mae
516 2311 803 2369 decollatos
845 2314 1073 2391 legimus
1116 2309 1209 2366 sub
1252 2312 1442 2365 Flavio
1471 2308 1689 2365 Claudio
1719 2309 1816 2388 qui
1843 2312 2071 2365 Galliena
2103 2304 2356 2376 succeffit,

371 2395 511 2450 circa
535 2414 735 2449 annum
766 2395 1004 2448 Domini
1032 2410 1274 2449 CCLXIX.
1319 2392 1478 2446 Alios
1504 2410 1619 2447 va
1646 2391 1840 2446 milites
1865 2389 1928 2446 de
1955 2388 2356 2446 Christianitate

362 2472 597 2540 delatOS,
642 2489 785 2527 extra
819 2491 1029 2549 portam
1066 2474 1329 2529 Salariam
1355 2471 1476 2528 duci
1512 2469 1697 2545 juffOS,
1744 2467 1838 2526 sub
1866 2473 2196 2527 Aureliano:
2227 2470 2358 2525 item

365 2556 499 2611 alios
529 2554 922 2633 quinquaginta
947 2554 1141 2609 milites
1167 2555 1223 2609 in
1253 2557 1408 2607 Portu
1432 2557 1655 2607 Romano
1680 2549 1875 2608 illustre
1901 2554 2206 2630 martyrium
2234 2547 2359 2605 sub-

369 2634 520 2706 iisse,
549 2633 643 2690 {ub
680 2634 875 2690 eodem
908 2637 1220 2690 Aureliano.
1265 2634 1603 2711 Certumque
1631 2631 1703 2688 est
1730 2637 2164 2702 Maximianum,
2185 2653 2356 2712 quum

365 2735 556 2795 praeter
580 2714 1027 2793 exspestationem
1065 2716 1356 2771 exercitum
1384 2717 1534 2770 suum
1561 2711 1875 2770 Christianis
1901 2713 2165 2770 militibus
2190 2710 2355 2770 refer-

363 2813 483 2855 tum
510 2798 835 2875 comperiret
857 2840 874 2865 ,
930 2814 1080 2853 tanto
1118 2797 1174 2851 in
1211 2816 1302 2851 eos
1341 2794 1570 2851 exarsiffe
1597 2794 1729 2851 odio
1747 2838 1762 2862 ‚
1806 2812 1868 2851 ut
1892 2794 2163 2851 trucidatis
2191 2796 2354 2850 innu«

365 2881 526 2934 meris
555 2923 571 2947 ,
616 2879 908 2934 exercitum
934 2879 1165 2933 omnino
1191 2878 1253 2934 iis
1283 2876 1620 2955 purgandum
1644 2875 1910 2945 statuerit,
1956 2896 2093 2955 quos
2122 2872 2355 2933 adversa-

364 2961 477 3015 rios
501 2959 701 3016 diceret
727 2957 825 3016 esse
850 2961 1127 3015 Deorum:
1173 2976 1300 3014 tunc
1326 2960 1472 3013 enim
1499 2956 1595 3012 sibi
1619 2957 1940 3026 Herculem,
1984 2977 2147 3034 quem
2172 2955 2353 3035 praeci-

369 3060 477 3116 pue
505 3039 716 3097 colebat
740 3084 756 3109 ,
823 3061 851 3095 a
876 3060 986 3119 quo
1012 3045 1067 3095 &
1091 3057 1402 3117 cognomen
1432 3038 1717 3095 deduxerat
1745 3055 1805 3093 ut
1833 3040 2119 3094 Herculeus
2143 3052 2352 3094 vocare·

367 3136 490 3197 tur,
533 3117 862 3181 existimabat
891 3119 1008 3179 fore
1032 3121 1369 3201 propitium,
1412 3118 1450 3180 si
1475 3120 1673 3182 milites
1696 3139 1900 3179 numen
1923 3116 2084 3199 ipfius
2107 3119 2352 3199 sperne-n-

2269 3210 2348 3250 tes
