2539 3612
304 138 443 210 42&
807 117 849 124 ”
987 125 1128 184 DE
1212 124 1613 182 DECEM*

392 230 550 290 XIV.
598 226 832 286 Accedit
874 224 1022 304 quod
1058 228 1221 303 longe
1264 226 1369 281 alio
1396 223 1564 282 modo
1592 221 1788 281 viderit
1811 221 2062 279 Ezechiel
2075 222 2312 301 gloriani

309 313 419 369 Dei
462 313 751 367 intrantem
794 310 850 364 in
885 305 990 362 hoc
1017 307 1311 382 templum,
1357 327 1520 384 quam
1548 321 1767 360 venerat
1796 305 1931 359 olim
1961 305 2016 359 in
2046 303 2316 380 templum,

311 393 630 450 Salomonis.
700 387 784 443 Ibi
824 388 971 443 enim
1008 384 1259 460 descendit
1286 386 1430 441 Deus
1457 391 1512 440 in
1541 385 1782 440 Samum
1796 384 1959 466 specie
1992 382 2164 452 nubis,
2208 402 2313 460 qua.

311 469 604 530 exeuntibus
642 490 666 524 e
689 467 861 544 sanfbo
873 464 1217 543 sacerdotibus
1248 465 1489 548 implebat
1513 469 1771 547 templum.
1824 486 1844 520 ι
1866 466 2093 542 Reg.v1
2111 482 2198 518 11:
2222 482 2318 531 10,

323 573 412 610 ΙΙ.
456 552 568 606 Hic
603 567 781 605 autem
824 549 974 605 venit
1000 550 1178 625 gloria
1205 549 1312 602 Dei
1337 546 1572 622 Israelis,
1616 552 1711 602 via
1738 547 2006 613 orientali,
2050 550 2146 600 via
2162 560 2315 626 portae

319 653 420 712 qua
445 630 634 713 speelat
669 628 836 705 versas
873 633 1146 684 orientem:
1181 627 1331 702 sonus
1372 629 1516 682 illias
1557 630 1730 693 fimilis
1767 643 1876 682 erat
1900 626 2017 701 seno
2053 624 2318 703 aquarum:

318 714 631 780 multarum,
677 723 754 768 (φ
793 732 827 766 a
846 712 1021 789 gloria
1045 712 1150 788 ejas
1173 706 1424 764 relucebat
1447 725 1601 764 terra.
1647 705 1907 784 Aspec'tus
1933 705 2150 763 visionis
2167 723 2319 787 pror·

311 794 398 869 sus
424 796 615 858 fimilis
642 795 826 870 vifioni
852 793 938 846 illi
959 811 1115 868 quani
1144 788 1353 844 viderat
1375 788 1437 843 de
1454 787 1717 870 perdenda
1744 792 1960 843 civitate
1975 786 2313 869 prophetans,

322 871 533 953 illisque
571 871 864 931 visionibus
902 891 1030 949 quas
1063 869 1266 927 viderat
1302 868 1372 925 ad
1384 870 1582 947 flumen
1610 866 1873 924 Cheharis.·
1891 867 2082 923 Ezech.
2100 885 2208 923 XLI
2227 886 2249 922 1
2267 885 2317 923 1:

329 974 379 1011 2.
401 975 521 1032 3.4.
544 971 589 1030 5.
635 956 830 1010 Forma
854 969 1031 1008 autem
1057 972 1218 1030 quam
1246 951 1454 1007 viderat
1481 949 1543 1005 ad
1568 948 1772 1005 flumen
1800 946 2060 1004 Chebaris
2088 966 2196 1004 erat
2209 946 2325 1028 spe»
2352 951 2371 958 '⁴

325 1041 430 1092 cies
465 1035 681 1091 hominis
706 1078 722 1103 ,
785 1031 1059 1089 insidentis
1097 1030 1334 1088 Throno
1361 1074 1376 1099 ,
1421 1029 1574 1108 super
1609 1027 1957 1086 CherubiniS.
2005 1029 2139 1105 Cap.
2163 1048 2211 1085 1:
2232 1034 2323 1084 26.

338 1135 462 1174 x21.
486 1118 682 1188 18.19.
707 1135 797 1171 zo.
854 1114 1068 1169 Scilicet
1105 1113 1276 1190 gloria
1311 1112 1501 1189 templi
1540 1109 1747 1189 mystici
1785 1131 1899 1166 non
1937 1108 2010 1165 est
2043 1106 2332 1187 symbolica

328 1194 499 1266 nubes,
525 1194 771 1253 sedDeus
798 1193 1150 1269 manifestatas
1180 1199 1234 1249 in
1259 1213 1426 1249 carne.
1457 1196 1505 1247 Is
1530 1191 1829 1272 ingreditur
1841 1210 1934 1268 per
1940 1206 2143 1272 portam
2163 1194 2330 1246 orien-

330 1279 519 1346 talem,
566 1274 1024 1355 quemadmodum
1053 1279 1107 1330 ὃ(
1136 1273 1408 1354 johannes
1435 1272 1574 1332 vidit
1597 1273 1879 1351 Angelum
1901 1270 2242 1347 ascendentem
2267 1269 2332 1328 ab

333 1375 445 1414 ortu
474 1359 629 1434 solis,
675 1370 753 1414 (φ
775 1354 1037 1412 habentem
1049 1357 1275 1433 sigillum
1301 1358 1410 1411 Dei
1430 1360 1572 1412 vivi.
1615 1358 1799 1429 Apoc.
1826 1371 1890 1406 v1
1910 1372 1958 1407 1:
1990 1373 2040 1407 z.
2085 1353 2211 1429 quia
2245 1372 2332 1408 re·-

346 1459 521 1517 gnum
548 1440 610 1495 in·
628 1444 843 1498 Oriente
870 1439 1049 1515 primo
1079 1434 1394 1502 fundatum,
1421 1433 1546 1490 inde
1569 1431 1619 1488 se
1647 1435 1843 1489 virtute
1871 1429 2180 1488 sacrosancti
2212 1434 2336 1510 Spi-

335 1521 479 1576 ritus*
512 1517 726 1577 diffixdit
765 1518 828 1575 ad
868 1515 1225 1582 Occidentem,
1271 1520 1326 1569 &
1362 1513 1425 1569 ad
1462 1513 1650 1587 insulas
1690 1517 1868 1568 maris.
1911 1512 2332 1571 Voxvenientis

338 1598 447 1656 fuit
473 1600 626 1657 sicuti
639 1601 788 1676 soniis
811 1616 1066 1674 aquarum
1092 1596 1397 1650 multarum,
1433 1594 1608 1650 Venit
1634 1593 1780 1647 enim
1801 1611 1932 1648 cum
1957 1592 2334 1669 praedicatione

336 1681 655 1758 Euangelii,
700 1683 756 1734 &
795 1698 928 1734 cum.
954 1674 1197 1731 sermone
1233 1674 1592 1749 plurimorum
1623 1668 1915 1728 hominum
1942 1672 2006 1729 de
2032 1694 2092 1729 ea
2117 1692 2212 1750 per
2244 1691 2335 1730 tob

340 1776 462 1818 tum
500 1758 690 1816 orbem
717 1757 1083 1835 frequentato·
1128 1749 1340 1808 Confer
1379 1754 1490 1830 Ap.
1514 1771 1563 1808 1:
1586 1766 1670 1827 15.
1712 1757 1832 1808 Lux
1846 1755 2022 1832 gloria
2044 1776 2077 1810 a
2101 1776 2201 1832 qua
2231 1771 2339 1813 tota

339 1843 535 1899 reluxit
586 1856 732 1894 terra.-
757 1881 773 1907 ,
828 1835 1129 1913 opponitur
1165 1836 1386 1911 caligini
1420 1831 1566 1889 nubis
1592 1876 1607 1900 ‚
1667 1834 1724 1889 in
1765 1855 1869 1911 qua
1905 1836 2041 1891 olim
2076 1834 2338 1895 habitavit

342 1922 528 1990 Deus,
574 1937 836 1997 notatque
875 1913 1212 1995 splendorem
1255 1912 1520 1992 sapientiae
1556 1914 1896 1993 Euangelicae
1924 1959 1940 1984 ,
1986 1921 2040 1972 δέ
2079 1916 2338 1996 gaudium

339 2023 403 2060 ac
440 2001 868 2060 consolationem
891 1994 1133 2054 latiffime
1161 1993 1339 2055 diditae
1364 1993 1622 2053 Ecclefiae.
1661 1993 1833 2054 Conf.
1858 1998 1990 2053 Luci
2007 2017 2035 2053 1
2055 2017 2203 2075 1:3⁷2.
2230 1996 2340 2077 Jes.
2373 2039 2375 2041 -

344 2103 511 2141 xmx:
533 2090 589 2141 6.
1869 2116 1874 2120 ,
2312 2085 2316 2089 ’

427 2168 555 2224 XV.
604 2163 791 2234 Adde,
837 2162 987 2245 quod
1028 2160 1092 2218 ab
1137 2159 1257 2239 ipsis
1294 2157 1713 2217 animadversum
1739 2158 1813 2217 est
1841 2158 2338 2239 JudaeisAEzechiea

341 2245 454 2303 lem
475 2266 612 2302 nova
628 2246 698 2302 de
710 2246 861 2324 festis
889 2245 1161 2322 instituta,
1197 2246 1251 2296 δε
1277 2239 1420 2320 quasi
1445 2262 1641 2298 novam
1670 2243 1845 2320 legem
1874 2240 1992 2298 dare
2011 2286 2026 2312 ‚
2069 2263 2099 2298 a
2126 2241 2339 2298 Molaiae-

347 2346 410 2381 ca
451 2325 725 2383 diversam.
770 2327 1049 2402 Cap.va:
1074 2338 1579 2400 17---25.xLV1:4.
1602 2339 1646 2399 5.
1667 2330 1719 2378 6.
1744 2343 1797 2390 7.
1843 2324 1994 2379 Hinc
2018 2321 2204 2380 misere
2232 2319 2337 2378 sese

347 2415 610 2485 torquent
630 2407 832 2482 >iniqui
862 2402 1119 2459 inhaerent
1143 2403 1335 2472 literae,
1378 2424 1547 2482 quum
1571 2402 1778 2460 constet
1806 2401 1952 2460 nefas
1976 2401 2073 2461 esse
2098 2423 2159 2460 ut
2184 2404 2338 2483 quic-

350 2507 514 2565 quam
543 2486 677 2563 Legi
707 2483 955 2541 Mosaicae
980 2482 1225 2552 addatur,
1272 2485 1560 2562 quicquam
1584 2483 1648 2540 ab
1676 2506 1734 2541 ea
1758 2484 2013 2541 dematur.
2069 2489 2151 2542 At
2177 2482 2339 2563 quid·-

347 2565 486 2645 quid
525 2563 1026 2632 comminiscantur,
1071 2562 1255 2620 frustra
1291 2563 1437 2635 sunt,
1486 2563 1585 2622 nisi
1613 2565 1677 2622 de
1702 2587 1852 2622 novo
1875 2587 2016 2622 anno
2045 2567 2221 2645 gratiae
2247 2559 2345 2623 coa?

350 2648 559 2725 gitent,
604 2651 748 2720 cujus
786 2647 883 2703 alia
907 2663 1064 2724 atque
1091 2647 1299 2724 antiqui
1327 2646 1466 2702 illius
1491 2643 1743 2703 sacrificia
1770 2648 2061 2724 &pietatis
2088 2648 2336 2704 exercitia

354 2723 505 2784 sunt:
551 2723 1061 2806 spiritualiaomnia.
1109 2731 1364 2803 Qorum
1387 2725 1586 2783 umbrae
1610 2726 1832 2804 quidem
1861 2730 2076 2806 antiqua
2100 2725 2192 2784 ista
2216 2725 2338 2784 fue-

359 2826 512 2864 runt:
543 2827 773 2866 attamen
803 2828 872 2864 ne
899 2827 1022 2863 cum
1044 2804 1255 2884 ⁴umbris
1280 2828 1360 2864 res
1388 2806 1497 2885 ipsa
1520 2805 1908 2878 confundatur,
1935 2830 2060 2868 eum
2085 2809 2143 2865 in
2160 2807 2336 2865 ‚finem

359 2890 461 2945 alia
484 2888 757 2947 Ezechieli
782 2884 1145 2966 repraesentata
1170 2884 1290 2944 lunt
1321 2888 1652 2945 emblemata.
2364 2905 2367 2909 ’

443 2972 595 3030 XVI.
637 2971 793 3026 Plura
827 2989 941 3047 quae
966 2968 1070 3026 huc
1094 2966 1264 3024 afferri
1288 2968 1494 3046 poffent
1516 2968 1788 3027 brevitatis
1820 2971 1982 3030 cauffa
2009 2972 2336 3030 transmittot

360 3048 416 3108 :fid
453 3070 623 3109 unum
662 3051 935 3131 praeterire
991 3070 1104 3109 non
1143 3048 1353 3131 poffum
1384 3049 1535 3130 quod
1572 3050 1861 3132 Capacum
1881 3073 1928 3112 1:
1951 3073 2061 3111 1=--
2077 3050 2340 3128 Propheta

2173 3143 2368 3191 narrat:>
