2539 3612
344 98 475 157 294·
871 70 1874 134 'AEGYPTIACORUM

127 1903 291 1948 Confer.
304 1902 377 1943 lib.

120 1975 161 2002 ii
175 1970 349 2012 1.cap.x.

366 180 611 239 fanarurn
645 177 1031 258 antiquitatum
1078 171 1411 252 praejudiciis·
1440 184 1764 246 occupatum
1827 162 1894 222 ad
1944 161 2080 222 sacra
2127 167 2368 229 animum

371 264 696 341 appellentes
743 305 760 328 ,
835 258 1014 313 minus
1072 251 1360 331 aliquando
1416 252 1585 330 perite
1632 247 1696 306 de
1748 247 1814 302 iis
1865 245 2200 305 censuerunt.
2296 253 2372 309 Et

372 343 524 422 quod
550 345 695 422 prius
732 338 1064 405 didicerant,
1120 333 1176 391 id
1218 335 1379 391 etiam
1417 330 1691 410 antiquius
1730 325 1882 386 fuiffe
1920 344 2121 386 temere
2162 331 2404 409 opinati.>

371 423 508 482 sunt.

459 502 577 561 IV.
622 499 831 558 Deinde
854 498 960 556 hoc
988 518 1209 578 quoque
1242 493 1541 553 notandum
1565 537 1582 563 ,
1636 491 2010 571 Ecclesiasticos
2046 489 2375 571 quandoque

378 586 672 662 Scriptores
722 598 865 638 tanta
901 580 1216 637 Gentilium
1262 577 1645 655 antiquitatum
1681 570 2057 651 praesumtione
2092 570 2376 643 laborasse,

379 684 441 721 ut
464 664 529 721 de
558 665 624 720 iis
650 684 763 720 non
788 663 968 742 paullo
984 664 1106 744 plus
1132 658 1394 724 dixerint,
1438 677 1602 734 quam
1632 653 1979 710 Marshamus
2002 671 2091 710 aut
2105 659 2379 735 Spencerus

380 746 565 802 velint.
652 745 740 801 Ut
775 741 927 801 verbi
959 743 1125 820 gratia
1164 736 1519 824 Chrysostomus
1555 762 1570 806 3
1626 733 1843 814 quando
1881 756 2048 790 omnes
2082 734 2411 813 Judaeorum·

382 831 720 895 caerimonias,
766 823 1020 901 omnesque
1042 827 1174 878 ritus
1202 864 1218 888 ,
1276 817 1626 896 &fhcrfficia
1651 861 1666 886 ,
1724 828 1802 873 (φ
1817 814 2201 898 purificationes
2227 860 2244 885 ,
2300 829 2381 874 ξφ

384 911 671 962 neomenias
696 949 712 975 ,
760 916 838 961 (φ’
860 906 1074 961 Arcum
1096 946 1112 971 ,
1166 900 1529 984 Templumque
1556 897 1710 981 ipsum
1735 938 1751 964 ,
1806 901 2055 973 originem
2078 919 2111 952 a
2140 901 2385 954 Gentium
2411 959 2413 961 .

384 986 610 1044 ruditate
633 989 834 1060 traxisse
854 982 1039 1042 afferit.
1128 988 1262 1061 Qo
1291 979 1476 1038 afferto
1503 997 1680 1056 neque
1707 973 1978 1031 modestiae
2006 997 2159 1045 eum,
2205 999 2385 1057 neque

386 1070 595 1127 veritati
622 1112 638 1138 ,
692 1087 753 1125 ut
776 1088 868 1146 par
892 1063 966 1122 est
990 1110 1005 1135 ,
1059 1061 1251 1130 litasse,
1306 1068 1579 1144 Spencerus
1603 1056 1816 1113 fatetur.
1901 1055 2071 1112 Unde
2097 1057 2386 1136 consequi-

384 1167 501 1218 tur,
545 1171 660 1206 non
684 1148 782 1205 effe
812 1146 931 1226 ipsis
960 1147 1287 1206 οἰέοισοινίςως
1314 1164 1371 1199 ac
1397 1140 1504 1197 fine
1530 1139 1804 1196 rationum
1834 1138 2077 1194 examine
2107 1139 2164 1194 in
2192 1138 2386 1197 talibus

389 1229 851 1309 substringendam
877 1225 1058 1284 fidem.

474 1311 528 1370 ‘V
571 1312 768 1368 Tertio
791 1309 847 1367 id
871 1329 1093 1388 quoque
1132 1300 1520 1362 attendendum
1543 1343 1559 1368 ,
1616 1320 1786 1377 quum
1823 1297 1886 1355 de
1923 1296 2080 1354 rebus
2118 1297 2204 1355 sua
2239 1318 2390 1357 aetate

387 1395 554 1472 'longe
581 1389 979 1472 antiquioribus
1015 1390 1307 1467 loquantur
1331 1427 1347 1451 ‚
1402 1403 1518 1439 non
1544 1380 1714 1435 valere
1748 1376 1837 1434 hic
1872 1399 2062 1435 eorum
2102 1381 2390 1438 aucftorita-

394 1494 533 1544 tem,
589 1472 689 1531 nisi
713 1474 860 1529 claris
884 1465 1266 1548 speciminibus
1302 1461 1467 1519 fidem
1491 1460 1644 1517 dicstis
1670 1458 1774 1516 suis
1799 1458 2044 1516 astruant.
2132 1466 2272 1540 Qae
2297 1483 2392 1520 au-

394 1574 505 1612 tem
545 1553 830 1633 proferunt
866 1548 1155 1629 specimina
1181 1590 1195 1614 ,
1251 1567 1311 1602 ea
1344 1544 1429 1600 vel
1463 1544 1632 1598 aliena
1666 1585 1682 1610 ,
1737 1540 1823 1597 vel
1857 1540 2150 1598 admodum
2188 1545 2392 1600 incerta

394 1634 533 1692 sunt.
631 1635 961 1712 Repetamus
1010 1628 1273 1686 memoria
1320 1622 1468 1701 quod
1507 1620 1658 1697 supra
1698 1637 2040 1697 perorantem
2089 1620 2392 1680 audivimus

392 1714 778 1799 Chryfhstomum
800 1757 816 1782 ,
871 1714 968 1791 qui
1003 1708 1322 1788 probaturus
1357 1704 1546 1758 Deum
1570 1700 1738 1756 multa
1771 1697 1967 1778 Judaeis
2001 1721 2237 1779 quorum
2259 1701 2397 1761 defi-

394 1796 545 1854 derio
591 1799 664 1852 in'
695 1801 929 1872 AEgypto
970 1789 1204 1867 correpti
1240 1801 1389 1841 erant
1425 1777 1726 1838 conceffiffe
1763 1824 1779 1850 ,
1844 1801 1943 1858 pro
1992 1785 2239 1861 exemplo
2281 1801 2392 1843 tam

395 1876 671 1957 magnifici
695 1874 886 1952 templi
909 1872 1221 1930 strueturam
1253 1880 1518 1925 memorat
1543 1907 1558 1932 ‚
1615 1861 1766 1942 quod
1790 1864 2032 1940 quamvis
2071 1864 2405 1933 Murshamo*

396 1965 452 2015 δε
479 1964 719 2042 Spencero
743 1976 859 2013 non
882 1951 1279 2031 improbatum,
1333 1965 1592 2026 perquam
1618 1961 1797 1999 tamen
1818 1943 2053 2000 alienum
2079 1945 2178 2002 effe
2208 1948 2394 2005 multis

397 2038 696 2097 rationibus
720 2036 871 2116 supra
906 2033 1274 2093 adstruximus.
1357 2025 1526 2084 Sicuti
1552 2029 1605 2080 &
1634 2022 1768 2080 illud
1795 2022 2089 2082 admodum
2125 2028 2393 2086 incertum

399 2120 501 2192 est,
546 2120 696 2200 quod
722 2118 786 2176 de
814 2118 1129 2174 Gentilium
1153 2131 1304 2170 more
1330 2126 1527 2163 comum
1540 2109 1977 2188 promittentium,
2023 2128 2246 2186 eamque
2271 2112 2395 2165 Dae-

398 2207 585 2258 moniis
613 2204 950 2258 nutrientium
972 2240 990 2266 ,
1043 2214 1132 2252 aut
1155 2188 1415 2276 NJmphis
1439 2231 1455 2257 ,
1509 2203 1598 2243 aut
1620 2186 1794 2263 fluvio
1831 2185 2137 2264 offerentium
2179 2192 2398 2271 Cyrillus

402 2281 810 2342 Alexandrinus
836 2294 1036 2335 narrat:
1081 2278 1378 2338 incertum,
1420 2272 1671 2348 inquam,
1718 2264 1791 2322 est
1817 2285 2000 2323 utrum
2030 2289 2157 2325 mos·
2175 2271 2262 2326 ille
2285 2287 2409 2336 tam⁴

405 2365 657 2443 antiquus
681 2361 873 2428 fuerit,
917 2363 972 2414 δε
998 2356 1137 2435 apud
1163 2377 1245 2413 eas
1268 2372 1399 2411 tune
1423 2368 1639 2430 gentes»,
1684 2345 2004 2427 quibuscum
2040 2347 2287 2407 Israelitis
2309 2353 2397 2409 in-

406 2442 634 2502 tercessit
657 2441 1073 2508 commercium,
1116 2454 1387 2515 recethS‚
1433 2449 1495 2489 ut
1516 2431 1737 2488 Divinis
1762 2428 1827 2487 de
1851 2433 2166 2492 Naziraeatu
2188 2430 2406 2511 legi-bus,

118 2556 388 2594 M01.ch0c.
409 2527 684 2605 originem
704 2523 823 2581 dare
847 2521 1102 2600 potuerit.
1146 2520 1357 2575 Nonne
1382 2511 1712 2595 probabilius
1737 2509 2001 2569 diceretur
2021 2511 2289 2592 oppositas
2317 2535 2402 2571 eas

117 2611 214 2646 Part.
235 2621 249 2646 1
264 2621 278 2646 1
292 2618 326 2644 1.

123 2670 363 2711 c3p0xnv11.

413 2605 563 2666 fuisse
592 2604 879 2664 Zabiorum
906 2600 1283 2660 consuetudini
1317 2598 1381 2656 de
1419 2616 1524 2676 qua
1558 2592 1921 2651 Maimonides
1949 2614 1965 2649 :
2023 2599 2195 2650 omnia
2218 2616 2278 2652 en
2299 2615 2403 2674 quae

405 2691 710 2772 ftparantur
736 2708 770 2742 a
792 2703 994 2769 corpore
1014 2727 1030 2754 ,
1058 2700 1114 2740 ut
1126 2684 1233 2766 pili
1249 2722 1268 2754 ,
1305 2699 1521 2759 ungues,
1551 2675 1763 2754 sanguis
1780 2718 1794 2744 ,
1829 2693 1923 2757 pro
1951 2675 2405 2735 immundishabe·

420 2770 572 2839 bant3
615 2767 747 2826 unde
781 2767 988 2846 tonsores
1023 2785 1190 2822 omnes
1229 2767 1297 2818 iis
1333 2756 1587 2817 immundi
1619 2766 1765 2813 erant
1789 2799 1806 2826 ,
1848 2759 1972 2834 quin
1994 2755 2299 2838 fhnguinem
2323 2767 2404 2814 (γ’

414 2855 555 2937 pilos
587 2865 822 2929 tangunt.
854 2895 858 2897 ,
902 2852 1207 2929 Qicunque
1230 2844 1540 2899 novaculam
1553 2839 1702 2922 super
1724 2836 2086 2912 carn-emfiiam
2110 2839 2319 2917 transtre
2329 2839 2409 2917 βε

422 2931 600 3002 nebat,
643 2935 828 2988 lavare
835 2930 891 3006 ft
916 2926 1177 3010 cogebatur
1199 2970 1216 2999 ,
1259 2931 1314 2981 in
1341 2944 1478 3003 aqua
1494 2922 1752 3000 fontana,
1794 2920 1969 2988 clara,
2011 2919 2248 3003 limpida.

502 3017 605 3074 VI.
649 3014 774 3071 Nec
799 3013 926 3094 quia
958 3017 1197 3094 Spencero
1227 3007 1371 3066 nulla
1395 3006 1494 3064 alia
1521 3002 1719 3063 Divini
1744 3001 1809 3062 de
1833 3000 2134 3061 Naziraeatu
2158 3000 2411 3080 praecepti

2177 3100 2412 3140 occurrit
