2539 3612
447 146 1106 210 FuLMINA'rR1cE
1151 146 1874 220 CHR1s1-1AN0Rum.
2046 170 2167 231 457

170 249 437 307 tiaverant
453 270 472 306 .·
519 254 624 308 illis
647 267 825 308 contra
847 249 1219 329 eiffirmnntibus
1245 268 1372 307 vera
1400 252 1480 324 effe
1502 269 1604 330 quae
1632 246 1894 323 dixissent,
1923 261 2001 307 (γ’
2031 257 2167 308 Con-

158 327 415 409 stantium
440 332 736 388 Antiochiae
758 337 955 388 morari
978 329 1320 407 afferentibus,
1349 334 1600 387 intellexit
1619 328 1747 409 quid
1767 330 1930 406 vifiim
1948 330 2076 386 illud
2090 335 2166 408 fi·-

157 409 476 487 gnificaret‚
519 414 833 488 DEuMQiE
878 430 999 470 PRo
1034 413 1344 472 RoMAms
1377 432 1669 471 PuGNAuE
1702 409 1857 468 dixit.
1900 411 2048 467 Tunc
2073 432 2168 468 ve-

165 508 222 544 ro
245 490 587 551 admirandus
611 491 832 576 Ephrem
848 537 863 562 ‚
906 498 995 573 qui
1028 493 1164 576 apud
1199 498 1344 560 Syros
1361 492 1786 575 praestnntifflmus
1798 494 1913 569 fuit
1927 492 2167 573 scriptor,

166 571 440 630 Divinum
468 571 727 655 Jacobum
751 580 986 653 rogavit,
1019 592 1074 631 ut
1102 581 1156 630 in
1181 596 1381 630 murum
1405 572 1759 649 conscendens,
1790 572 2046 630 Barbaros
2068 571 2171 629 ad-

154 649 371 734 spiceret
406 659 886 735 &imprecationis
914 657 1018 712 tela
1047 660 1099 711 in
1130 676 1207 711 eos
1235 659 1547 712 immitteret.
1593 659 1692 710 Cui
1721 653 1964 729 obsecutus
1992 653 2169 710 admi-

167 730 352 790 rabilis
381 738 466 792 ille
500 740 619 804 vir,
650 740 704 791 in
725 735 988 814 quandum
1013 742 1198 792 turrim
1230 735 1539 810 conscendit,
1567 735 1772 813 visaque
1803 732 2170 790 innumerabili

167 809 428 871 hominum
453 814 811 885 multitudine,
830 820 1023 873 nullum
1046 820 1102 872 ul
1107 816 1196 871 iud
1219 818 1416 872 mulum
1441 822 1508 871 iis
1526 822 1829 897 imprecatus
1842 815 2034 894 esttseci
2049 837 2168 871 orn-

168 898 251 950 vit
274 909 507 966 tuntum,
549 914 603 952 ut
628 899 813 973 cinifes
836 919 898 953 nc
924 899 1108 953 culices
1136 903 1189 952 in
1215 919 1292 951 eos
1320 903 1716 952 immitterentur
1734 941 1749 964 ‚
1793 914 1848 952 ut
1874 919 1936 952 ex
1948 901 2166 952 minutis

165 979 500 1034 animalculis
525 982 629 1058 ejus
651 985 741 1056 qui
764 978 878 1059 ipfis
899 976 1254 1034 auxiliabatur
1267 983 1551 1058 potentium
1575 977 1926 1056 cognoscerent.
1952 980 2165 1052 Oratio-

166 1079 283 1114 nem
305 1054 503 1135 Jacobi
528 1057 676 1114 nubes
701 1060 919 1135 cinisum
949 1075 1025 1115 (γ’
1051 1061 1272 1114 culicum
1292 1063 1525 1140 protinus
1553 1076 1803 1139 excepere.
1849 1057 2162 1139 Elephanto-

168 1160 284 1195 rum
306 1137 510 1216 quidem
529 1138 866 1220 probofticles,
914 1139 1073 1217 inst-tr
1097 1136 1323 1194 tuborum
1349 1159 1510 1193 caveis
1530 1182 1543 1207 ‚
1570 1160 1806 1215 equorum
1827 1160 1947 1193 vero
1979 1150 2056 1193 ἔφ’
2080 1159 2163 1192 re-

169 1224 424 1298 liquorum
448 1224 793 1298 jmnentorum
829 1242 974 1276 aures
994 1223 1152 1297 simul
1176 1240 1239 1274 ac
1261 1241 1410 1274 nares
1433 1221 1820 1301 compleverunt.
1908 1222 2023 1297 Qi
2046 1239 2161 1273 cum

168 1298 448 1380 hujusmodi
481 1303 909 1357 animalculorum
937 1307 1175 1381 impetum
1186 1301 1428 1376 stistinere
1454 1321 1552 1353 non
1569 1302 1754 1380 poffent
1772 1343 1787 1367 ‚
1831 1297 2059 1379 abruptis
2083 1301 2162 1353 lo-

167 1388 242 1437 ris
254 1380 453 1454 sessores
461 1381 577 1454 flios
601 1399 828 1438 excutere
850 1399 1123 1463 caeperunt,
1157 1394 1235 1437 ἐφ’
1261 1380 1460 1435 ordines
1485 1378 1871 1449 conturbarunt,
1898 1378 2168 1457 relieloque

167 1463 390 1517 exercitu
416 1465 534 1515 totis
559 1461 758 1516 viribus
783 1468 970 1515 conciti
996 1468 1050 1516 in
1063 1465 1256 1539 fugam
1276 1460 1537 1516 dederunt.
1597 1467 1788 1538 Qum
1816 1463 1993 1539 itaque
2022 1458 2163 1515 inse-

168 1543 303 1600 cutis
341 1542 500 1596 etiam
534 1540 869 1618 temporibus
907 1539 1334 1596 Christianorum
1365 1561 1543 1618 preces
1574 1540 1717 1619 quali
1742 1543 1908 1598 claves
1934 1540 2160 1612 fuerint,

170 1619 365 1702 quibus
410 1618 686 1698 fulgurum
703 1661 719 1691 ‚
763 1642 1081 1689 ventorum,
1126 1619 1494 1698 imbriumque
1531 1619 1746 1677 claustra
1785 1622 2002 1679 reserata
2026 1620 2160 1689 sint,

170 1705 377 1780 telaque
415 1722 529 1756 non
560 1699 711 1757 solita
752 1697 993 1757 hostibus
1030 1703 1229 1756 intorta
1242 1724 1257 1766 3
1303 1722 1417 1778 quae
1460 1698 1624 1757 caussa
1659 1699 1767 1758 dici
1789 1701 1963 1781 potest
1989 1723 2080 1758 cur
2104 1702 2161 1761 id

167 1789 264 1843 M
289 1784 560 1838 Antonini
581 1800 824 1859 ternpore
850 1778 1048 1837 faeium
1074 1785 1368 1858 negemus?

249 1866 422 1923 LV11.
467 1862 571 1919 Sed
624 1883 723 1919 nec
769 1861 1060 1940 spernenda
1097 1859 1383 1917 univerlim
1420 1861 1507 1917 illa
1541 1865 1815 1920 rationum
1856 1861 2162 1934 firmamina

167 1943 316 2012 sunt,
361 1963 488 2020 quas
526 1944 941 2000 Exercitationis
979 1942 1132 2016 hujus
1174 1943 1336 1998 initio
1363 1944 1698 2019 protulimus,
1783 1945 1983 2001 Earum
2008 1965 2157 2002 nunc

163 2048 264 2104 pro
303 2021 471 2081 nostri
506 2026 661 2102 copia
683 2025 870 2098 judicii
907 2023 1156 2079 selectum
1196 2020 1489 2093 faciamus3
1534 2026 1880 2081 exauctoratis
1917 2026 2160 2105 reliquis-

164 2104 539 2164 Temerarium
577 2104 720 2162 foret
760 2108 1092 2183 Scriptorum
1127 2105 1376 2159 omnium
1402 2104 1832 2162 Christianorum
1857 2104 2022 2164 fidem
2049 2105 2159 2163 {ol-

163 2189 395 2253 licitare,
438 2187 534 2263 qui
557 2183 815 2242 consensu
838 2185 1077 2254 tradunt,
1121 2183 1313 2241 dietam
1336 2183 1434 2241 effe
1461 2184 1596 2243 hanc
1613 2188 1925 2265 Legionem
1953 2189 2160 2243 Fulmi-

163 2275 441 2333 nntricem‚
487 2267 571 2321 vel
594 2269 951 2334 Fulmineam,
978 2266 1050 2322 ob
1078 2264 1287 2323 fulmen
1310 2262 1366 2321 ac
1402 2265 1619 2324 nimbos
1647 2266 1892 2345 precibus
1916 2266 2019 2324 suis
2045 2271 2153 2325 im-

161 2365 378 2427 petrata.
466 2346 635 2425 Qod
676 2368 846 2426 quum
874 2345 1061 2403 dicunt
1084 2391 1101 2417 ‚
1144 2368 1260 2403 non
1284 2366 1483 2425 negant
1508 2348 1653 2406 idem
1677 2348 1812 2404 olim
1836 2369 2152 2426 cognomen

161 2430 313 2488 fuiffe
339 2429 396 2484 in
427 2427 524 2484 alia
550 2428 796 2507 legione,
840 2432 894 2484 &
919 2426 992 2483 ob
1019 2429 1172 2484 aliam
1200 2427 1431 2484 causam:
1477 2427 1541 2484 ab
1575 2427 1773 2507 insigni
1796 2426 2005 2487 fortasse
2030 2428 2149 2487 scu·

160 2529 342 2569 torum
371 2507 704 2580 desumtum,
746 2529 840 2586 per
863 2530 977 2587 quae
1002 2507 1208 2565 fulmen
1243 2507 1292 2563 se
1318 2507 1531 2567 diffudit
1550 2555 1568 2577 ,
1605 2514 1662 2567 δε

420 2624 561 2634 -—-
581 2592 802 2672 Disperfi
822 2588 1013 2664 trifidis
1035 2586 1302 2647 ardoribus
1328 2594 1468 2669 ignes
1483 2610 1501 2644 .·

160 2673 246 2730 vel
272 2670 336 2727 ab
369 2673 604 2750 impetu,
650 2668 800 2749 quod
823 2669 1066 2728 fulminis
1091 2672 1148 2727 in
1175 2691 1384 2727 morem
1407 2668 1997 2747 rueret,prosterneret.
2045 2671 2154 2731 Sed

161 2751 300 2809 nihil
323 2771 492 2822 vetat,
519 2750 751 2810 insolens
776 2751 995 2828 aliquod
1020 2773 1075 2808 ac
1102 2748 1473 2830 prodigiosum
1498 2748 1697 2806 factum
1723 2754 1961 2830 Legioni
1987 2754 2149 2810 alicui

161 2833 295 2890 novi
335 2834 574 2890 nominis
615 2829 833 2889 cauffam
872 2828 1050 2889 fuiffe:
1093 2837 1146 2888 &
1184 2849 1290 2888 tam
1328 2828 1679 2911 magnificum
1720 2832 2012 2910 Elogium‚
2056 2831 2148 2892 cui

159 2920 262 2988 jam
305 2914 540 2970 militum
576 2935 725 2970 aures
766 2909 1112 2981 assueverant,
1156 2912 1290 2969 nulli
1323 2911 1506 2986 justius
1539 2909 1636 2967 hac
1675 2909 1851 2967 nostra
1877 2914 2155 2991 impertiri.

162 2994 363 3073 potuit.
413 2994 613 3073 Neque
637 2992 835 3061 obstat,
853 2993 1002 3071 quod
1031 2997 1137 3048 Dio
1154 2994 1280 3072 ‚qui
1302 2997 1482 3050 Severi
1512 2993 1848 3069 Imperatoris
1876 2996 2139 3071 tempori-

162 3074 263 3132 bus
289 3072 515 3153 scripsit,
558 3075 879 3154 &legiones
918 3074 1093 3134 exaste
1122 3092 1434 3148 enumerat,
1476 3074 1635 3131 unius
1659 3070 1911 3132 duntaxat
1932 3077 2139 3149 Fulmi-

1122 3154 1324 3212 Mmm
1974 3161 2142 3215 natri-
