2539 3612
387 126 499 188 240
814 105 1877 167 rAEGYPTIAc‘ORUM

387 197 482 264 deo
497 226 524 265 ·.·
549 227 702 289 quam
721 209 882 287 legem
912 211 1049 264 Deus
1075 209 1129 261 in
1152 206 1543 261 Deuteronomio
1556 201 1789 278 sancivit
1811 200 1874 259 de
1897 219 2052 258 uxore
2070 199 2268 278 fratris
2291 200 2384 260 de-

380 289 556 367 funft'i
579 310 581 312 ·
611 289 831 366 osteriori
839 289 1009 363 fratri
1033 281 1281 341 elocanda
1294 326 1309 352 ‚
1327 304 1387 340 ea
1415 284 1503 339 lex
1525 299 1633 340 tum
1649 287 1877 365 primum
1897 281 2157 364 descripto
2181 280 2380 339 tradita
2392 315 2400 325 -·

394 368 488 445 est3
493 308 606 444 seis
594 373 718 448 jam
739 382 859 423 ante
870 367 1085 422 Divina
1107 362 1336 443 quadam
1360 365 1671 419 revelatione
1694 362 1835 445 apud
1850 364 2093 444 populum
2116 359 2383 418 obtinebat.

396 451 610 530 Qapro
649 463 724 502 ter
760 448 846 502 lex
882 449 975 502 illa
1000 447 1388 502 Deuteronomii
1412 463 1511 498 non
1534 464 1704 499 recens
1729 443 1973 520 institutio
1999 441 2065 519 est
2082 485 2100 512 ‚
2130 439 2220 516 fid
2242 445 2388 497 anti-

397 522 497 605 qua
523 525 578 583 ob
597 530 879 582 ervationis
902 525 1217 603 confirmatio
1233 567 1248 593 ‚
1269 535 1347 581 (9⁴
1372 523 1658 603 obsignatio.
1684 527 1864 592 Hujus
1891 538 2060 579 autem
2084 518 2389 597 observatio·
2452 593 2457 596 ,

399 611 483 661 nis
508 606 680 663 auilor
704 605 838 663 idem
863 612 953 686 qui
977 605 1298 684 confirmator
1320 602 1575 659 ducendus
1604 602 1684 678 esi.
1732 606 1904 677 Cauffit
1929 623 2049 658 vero
2076 604 2216 657 illius
2242 601 2390 678 insti-
2455 596 2469 617 ³

402 687 588 742 tuenda
605 731 620 756 ,
636 688 750 764 fuit
775 685 1130 743 benedszlionis
1152 689 1365 742 Divina
1393 689 1446 739 in
1463 685 1740 760 familiam
1763 686 2073 739 continuatio
2090 680 2393 757 3fi2cundum·

441 787 560 823 uam
582 765 970 823 benediilionem
993 764 1063 821 ad
1119 769 1440 844 rimogenitos
1477 786 1667 842 quoque
1685 769 2024 845 prarogativae
2046 761 2149 818 dua
2163 768 2391 844 pertine*

402 787 556 915 bant,
600 867 704 902 una
712 844 990 921 sacerdotii
1012 783 1115 900 aa?
1107 846 1299 901 cultum
1334 848 1587 916 Domini,
1632 847 1800 899 altera
1823 865 1942 899 vero
1964 847 2190 924 potentia
2213 842 2284 898 ad
2309 840 2393 898 be·

407 924 740 982 nediilionem
777 942 1029 981 terrenam
1056 929 1375 1007 pertinentis.
1461 929 1611 980 Nam
1637 927 1967 1003 primogeniti
2002 922 2391 997 &sacerdotes

409 1023 555 1061 erant
591 1012 647 1062 in
670 1008 892 1084 familia
928 1005 1189 1081 universa,
1236 1016 1313 1061 (9⁹
1347 1003 1557 1061 haredes
1590 1003 1658 1056 du
1694 1004 1900 1057 licarii.'
1977 1005 2160 1079 Atque
2194 1002 2290 1057 haec
2313 1022 2391 1058 res

409 1085 613 1164 quidem
635 1089 988 1142 caritnonialis
1004 1087 1145 1162 fuit,
1188 1106 1289 1162 qua
1326 1084 1446 1138 inde
1468 1105 1503 1138 a
1529 1020 1735 1136 conditu
1760 1080 1893 1136 orbis
1915 1080 2135 1159 dignitas
2162 1080 2361 1138 Christi
2377 1123 2395 1150 ‚

409 1172 501 1244 qui
512 1171 884 1249 primogenitus
898 1166 972 1242 est
998 1173 1131 1222 inter
1151 1166 1335 1220 multos
1345 1165 1573 1239 fratres,
1591 1163 1702 1239 fuit
1734 1158 2053 1217 adumbrata.
2096 1159 2196 1216 Sed
2217 1183 2391 1241 quem·-

413 1245 689 1302 admodum
733 1244 1091 1302 benedie‘lionis
1141 1247 1279 1301 illius
1320 1248 1454 1299 ratio
1504 1244 1858 1300 cerimonialis
1892 1244 2008 1318 fuit
2030 1283 2047 1309 ‚
2113 1247 2190 1296 ita
2234 1246 2390 1298 etiam

413 1332 729 1383 continuatio
767 1329 936 1394 illiu53
967 1324 1243 1401 secundum
1278 1345 1434 1401 quam
1455 1322 1660 1398 faft'um
1681 1321 1746 1399 est
1762 1324 1990 1402 primum
2001 1363 2017 1388 ‚
2061 1336 2117 1376 ut
2131 1325 2391 1401 primoge-

412 1412 552 1464 nitus
578 1430 640 1462 ex
667 1412 1001 1489 primogenito
1027 1407 1372 1486 primogenita
1408 1400 1648 1457 obtineret
1658 1425 1675 1469 ;
1716 1399 1900 1456 deinde
1934 1417 1989 1457 ut
2024 1399 2258 1479 exstincslo
2282 1404 2393 1479 stne

413 1486 589 1543 liberis
617 1481 954 1568 primogenito
997 1498 1074 1542 (5⁹
1086 1486 1196 1561 fine
1223 1503 1377 1538 uxore
1393 1526 1409 1551 ‚
1439 1481 1687 1557 secundus
1694 1480 1768 1557 fil
1776 1485 1851 1537 ius
1875 1486 1931 1537 in
1952 1483 2117 1537 locum
2131 1487 2392 1563 primoge-

410 1571 514 1622 niti
548 1565 807 1621 a'ivinitus
844 1563 1118 1644 adrogatus
1156 1566 1237 1637 effi’
1257 1561 1518 1618 videretur
1545 1582 1563 1617 .·
1598 1561 1870 1643 postremO,
1914 1578 1969 1616 ut
1978 1563 2025 1638 fi
2060 1567 2174 1638 quis
2194 1567 2394 1642 primo-

402 1650 609 1724 genitus
620 1647 729 1724 sine
750 1643 924 1702 liberis
946 1643 1220 1710 occideret,
1251 1641 1342 1715 fi'd
1375 1640 1556 1695 reliila
1578 1660 1758 1707 uxore,
1784 1639 1916 1693 hanc
1942 1640 2152 1694 eandem
2187 1663 2394 1697 uxorem

400 1725 609 1803 sequens
621 1727 795 1801 frater
819 1746 920 1780 una
947 1745 1061 1779 cum
1095 1720 1430 1778 benedicflione
1451 1741 1486 1774 a
1503 1722 1839 1800 primogenito
1872 1717 2102 1794 defunilo
2135 1720 2393 1796 transfusa

399 1804 501 1881 fibi
538 1808 805 1880 assumeret.
850 1806 1032 1882 Atque
1056 1801 1152 1857 haec
1174 1823 1252 1858 res
1277 1801 1475 1879 alioqui
1502 1801 1729 1877 nonfuit
1751 1800 1902 1855 licita
1932 1822 1996 1854 ex
2019 1801 2153 1880 lege,
2186 1800 2276 1875 βά
2299 1822 2391 1856 ex·-

411 1901 557 1965 cepta
567 1886 731 1961 fialam
752 1884 901 1965 hujus
925 1881 1281 1939 benediilionis
1293 1885 1493 1960 gratia.
1538 1886 1617 1937 Ita
1639 1880 1910 1957 originem
1935 1884 1989 1935 δε
2024 1877 2211 1939 cauffas
2234 1879 2391 1956 hujus

411 1963 647 2023 instituti
671 1965 858 2043 pandit
881 1961 1557 2040 VirDoffisfimus3longe
1593 1960 1838 2037 profesto
1867 1959 2207 2037 prudentiuS‚
2223 1984 2386 2041 quam

413 2044 455 2102 fi
482 2045 547 2103 ad
570 2044 927 2125 nescioquam
955 2049 1254 2130 AEgyptiaca
1288 2039 1751 2123 Metempffichofios
1799 2041 2121 2118 opinionem
2157 2061 2392 2100 recurra-

408 2147 546 2184 mus.
1160 2173 1177 2198 ,
1359 2176 1361 2178 ,

500 2211 632 2265 VII.
679 2205 981 2264 Consciscit
1005 2205 1174 2285 Junio
1200 2207 1431 2259 Rivetus.
1478 2203 1622 2281 Qi,
1648 2222 1746 2257 non
1761 2217 2027 2284 putarem,
2046 2204 2254 2282 inquit,
2271 2223 2391 2261 con-

405 2287 726 2364 fitetudinem
759 2289 905 2343 illam
925 2285 1062 2368 apud
1087 2285 1216 2340 alias
1230 2300 1407 2363 gentes
1432 2281 1678 2357 obtinuisse
1694 2327 1710 2351 ‚
1756 2296 1834 2339 (Υ
1858 2305 1921 2338 ex
1942 2281 2157 2341 moribus
2184 2283 2394 2344 Chana-

422 2388 635 2424 naeorum
665 2383 756 2423 aut
787 2371 1078 2422 vicinorum
1101 2367 1400 2447 populorum
1422 2364 1568 2440 fuiffi·
1603 2362 1907 2439 desumtam:
1922 2362 2011 2439 sed
2026 2366 2283 2446 peculiari
2304 2386 2397 2424 ra—

423 2454 559 2504 tione
592 2452 648 2503 in
670 2446 1093 2530 patriarcharum
1115 2446 1350 2522 familiis
1385 2442 1724 2501 introductam
1747 2487 1762 2512 ‚
1806 2460 1861 2500 ut
1888 2448 1979 2523 jus
1990 2450 2395 2526 primogenitura

423 2545 675 2598 maneret,
691 2527 762 2584 ad
771 2526 1195 2606 fignificationem
1219 2529 1320 2606 ejus
1343 2529 1432 2604 qui
1444 2530 1811 2607 primogenitus
1831 2524 1897 2603 est
1921 2531 2052 2593 inter
2075 2526 2260 2585 multos
2266 2527 2395 2603 fra-

423 2625 554 2677 tres,
585 2610 836 2687 fimulque
861 2612 915 2663 in
929 2609 1167 2685 familiis
1181 2608 1361 2687 populi
1385 2609 1521 2663 illius
1541 2604 1803 2662 hareditas
1826 2605 2224 2681 conservaretur,
2261 2607 2395 2686 quod

418 2688 591 2774 postea
612 2691 928 2763 neceffarium
937 2690 1079 2765 fuit,
1098 2687 1206 2769 post
1228 2703 1363 2744 terrae
1379 2688 1610 2768 promiffle
1622 2690 1970 2768 partitionem.
2013 2690 2278 2768 Qamvis
2299 2709 2398 2756 au-

431 2787 531 2824 tem
556 2768 613 2824 id
635 2791 733 2824 non
745 2771 913 2846 fuerit
937 2768 1238 2825 mandatum
1256 2782 1375 2823 ante
1399 2766 1586 2843 Mosen
1611 2771 1717 2847 lege
1739 2769 1918 2845 aliqua
1929 2768 2124 2850 scripta
2146 2793 2162 2838 3
2204 2784 2395 2826 certum

430 2849 499 2926 est
524 2866 694 2906 tamen
719 2869 854 2905 more
877 2860 955 2906 (5⁹
974 2847 1318 2924 consuetudine
1338 2851 1587 2928 majorum
1611 2846 1883 2921 obtinuiffe‚
1926 2871 2080 2926 quam
2099 2871 2164 2904 ex
2185 2851 2403 2907 Divina

433 2929 756 3069 ffiratione
781 2934 1008 3011 primam
1036 2929 1244 3006 habuisse
1270 2932 1515 3008 originem
1535 2973 1554 3004 ‚
1595 2947 1696 2990 non
1716 2942 1897 2989 temere
1919 2929 2204 3010 existimari
2223 2971 2242 2999 ‚
2282 2928 2404 2996 bene

507 3017 666 3070 vertit
689 3016 936 3071 Pererius.
2336 3038 2339 3042 ·

2173 3063 2393 3155 CA}³
