2539 3612
418 169 525 232 132
954 135 1933 200 AEGYPTIAGOIUUM

416 275 488 312 re.
531 251 606 308 Et
629 249 808 328 primo
837 243 1060 325 quidem
1083 238 1323 297 Rachelis
1347 238 1594 315 exemplo
1621 253 1853 316 pugnat,
1897 233 2062 292 Patris
2085 226 2398 319 Theraphim

418 320 669 413 religioso
697 326 884 387 affeetu
909 320 1234 387 suffurantiS,
1259 335 1322 375 ut
1344 341 1403 375 ea
1428 316 1526 374 sibi
1549 315 1768 388 haberet
1792 337 1906 396 quae
1930 314 2141 373 familiae
2169 314 2265 374 suae
2280 318 2403 376 cha-

424 412 619 472 rissima
642 426 804 467 erant.
889 405 1091 481 Neque
1125 397 1296 478 ipsum
1330 395 1591 479 Jacobum
1627 395 1963 475 Theraphim
2006 398 2202 454 nullius
2226 395 2403 455 feciffe

426 517 490 552 ex
519 515 584 550 eo
610 510 785 569 patere
812 481 1119 551 contendit,
1158 477 1308 559 quod
1331 478 1395 537 ad
1420 479 1604 557 capitis
1629 499 1846 557 poenam
1870 495 2207 555 compertum
2231 477 2409 536 Laba-

428 597 491 634 no
515 572 823 648 sacrilegum
850 563 1026 622 furem
1058 558 1260 619 offerat.
1341 559 1444 618 Sed
1471 559 1670 616 Michae
1697 560 1962 637 imprimis
1989 559 2295 636 exemplum
2318 579 2410 617 ur-

431 672 523 735 get
545 697 561 722 ,
616 650 802 707 omnia
839 644 936 703 fibi
977 640 1182 722 periiffe
1219 639 1566 697 existimantis
1589 683 1605 709 ,
1660 635 1874 696 sublatis
1907 637 2009 696 suis
2056 639 2372 721 Theraphim
2393 665 2408 711 ς

431 754 568 814 quos
593 728 698 809 ipse
724 732 867 786 Dens
893 724 988 784 suo
1011 722 1223 782 videtur
1247 719 1610 799 comprobaffe
1637 717 1980 790 testimoni0‚
2025 719 2152 777 dum
2177 743 2206 792 a
2230 724 2414 778 Dani-

432 821 530 883 tis,
573 831 668 890 per
692 815 966 877 Levitam,
1010 803 1206 863 Michae
1243 801 1546 860 ministrum
1570 844 1586 870 ,
1641 798 1909 858 consultus
1935 845 1951 870 ,
1986 819 2080 883 per
2102 800 2418 884 ‘Theraphim

437 887 644 951 oracula
667 890 763 967 sua
799 887 977 945 edidit.
1068 891 1134 941 In
1162 883 1401 941 Davidis
1438 905 1659 964 quoque
1695 881 1862 940 domo
1897 881 2210 965 Theraphim
2231 880 2425 952 fuifl'e,

440 972 706 1033 Michalis
741 968 962 1027 historia
1001 966 1175 1024 docet.
1263 965 1404 1021 Non
1441 962 1514 1021 est
1550 982 1728 1021 autem
1764 962 2018 1020 credibile
2044 1006 2060 1031 ,
2115 965 2259 1021 viros
2298 966 2419 1043 pios

440 1050 763 1129 ejuscemodi
790 1050 1050 1128 imagines
1091 1048 1149 1102 in
1174 1043 1372 1103 aedibus
1399 1043 1501 1101 suis
1523 1041 1756 1100 habuisse
1783 1048 1836 1099 &
1862 1041 2102 1112 servasse,
2130 1042 2168 1099 fi
2194 1066 2276 1101 eas
2302 1044 2425 1102 ido-

444 1137 732 1202 }olatricaS,
773 1133 1012 1210 Deoque
1039 1124 1215 1184 exosas
1243 1124 1340 1180 effe
1365 1126 1451 1181 vel
1474 1122 1719 1201 suspicari
1740 1121 2049 1199 potuiffent.

528 1222 598 1273 Π.
647 1212 750 1270 Sed
777 1234 892 1270 non
918 1210 1086 1266 multa
1110 1205 1414 1264 eruditione
1442 1222 1600 1283 atque
1627 1199 1883 1259 fucundia
1916 1222 2051 1280 opus
2088 1200 2168 1259 est·
2185 1202 2432 1283 adargu-

448 1299 600 1354 tiolas
629 1293 744 1351 istas
770 1289 1139 1350 retundendas.
1224 1286 1318 1341 Ne
1344 1288 1491 1342 enim
1515 1305 1658 1341 nunc
1686 1283 1901 1351 dicam,g
1926 1284 2138 1356 majoris
2161 1287 2431 1342 momenti

451 1400 564 1434 rem
587 1376 865 1454 religionis
905 1370 1002 1429 effe
1019 1415 1035 1441 ,
1081 1390 1241 1449 quam
1268 1384 1330 1423 ut
1352 1368 1597 1447 exemplis
1620 1381 1741 1420 tuto
1768 1361 1886 1418 stari
1912 1362 2100 1441 posfit,
2144 1362 2243 1420 nili
2266 1366 2434 1423 Divi—

455 1481 523 1515 na
550 1454 813 1514 accefferit
846 1450 1136 1536 approbatio
1165 1474 1180 1517 3
1225 1444 1336 1523 ipsa
1369 1465 1486 1523 quae
1522 1441 1869 1521 proferuntur
1895 1446 2134 1523 exempla
2157 1465 2343 1522 parum
2369 1445 2434 1503 ad

456 1539 512 1597 id
551 1535 701 1618 quod
736 1535 1034 1592 intenditur
1071 1524 1414 1585 efficiendum
1448 1524 1618 1583 valida
1653 1521 1788 1582 sunt.
1874 1525 1962 1582 Ut
1989 1527 2137 1582 enim
2163 1547 2191 1581 a
2217 1525 2437 1582 Rachele

445 1621 742 1697 incipiam,
787 1635 897 1694 quo
925 1613 1012 1669 illa
1045 1611 1227 1668 animo
1253 1607 1451 1685 patrios
1486 1604 1800 1687 Theraphim
1833 1604 2001 1662 fur-ata
2037 1606 2128 1676 fit,
2171 1628 2341 1685 quum
2363 1605 2440 1664 sa·-

462 1697 546 1756 cra
569 1695 788 1756 historia
811 1716 924 1753 non
949 1708 1209 1771 exponat,
1252 1707 1416 1744 nemo
1441 1685 1541 1743 nisi
1561 1686 1874 1743 hariolando
1904 1685 2111 1743 dixerit.
2198 1692 2333 1745 Sunt
2345 1690 2443 1767 qui

463 1781 683 1848 volunt,
718 1783 808 1860 pio
838 1775 891 1833 id
915 1766 1227 1831 eam'feciffe
1251 1770 1464 1834 anim0‚
1507 1783 1568 1821 ut
1590 1763 1804 1821 sublatis
1827 1763 2214 1844 superstitionis
2248 1766 2443 1825 instru-

464 1863 661 1918 mentis
699 1877 903 1938 patrem
942 1853 1005 1911 ab
1047 1850 1349 1909 idololatria
1393 1863 1652 1903 avocaret.
1740 1847 1858 1902 Alii
1893 1853 2050 1902 metui
2101 1847 2402 1907 attribuunt
2426 1874 2443 1920 3

469 1941 640 2022 quasi,
684 1927 940 1996 verita'ne
966 1957 993 1991 a
1014 1928 1329 2012 loquacibus
1355 1928 1834 2007 illisimagunculis
1860 1928 2037 1983 mariti
2060 1927 2446 1988 clandestinum

470 2025 571 2079 iter
594 2019 936 2102 proderetur,
979 2016 1087 2071 illas
1112 2010 1289 2068 secum
1313 2007 1514 2065 sumere
1540 2029 1701 2087 quam
1735 2006 1791 2065 id
1815 2004 2131 2066 discriminis
2167 2010 2308 2067 adire
2332 2033 2450 2069 ma-

470 2107 644 2161 luerit.
725 2105 938 2173 Ferme,
955 2097 1183 2153 maxime
1208 2088 1492 2170 probatur,
1534 2088 1684 2167 quod
1709 2090 1834 2168 quia
1858 2087 2085 2165 pretiosa
2107 2090 2310 2149 fuerint
2321 2136 2348 2162 ,.
2383 2114 2449 2149 ex

474 2205 602 2241 auro
641 2200 767 2262 puta
804 2198 892 2238 aut
925 2195 1177 2257 argente,
1224 2192 1305 2227 eas
1332 2168 1428 2226 fibi
1462 2169 1842 2244 vindicaverit,
1886 2172 2080 2246 partim
2102 2192 2201 2249 pro
2226 2172 2450 2229 mercede

476 2287 580 2344 qua
603 2266 855 2321 maritum
879 2258 1032 2316 fuum
1056 2253 1296 2313 Lahanus
1319 2247 1591 2308 avaritiose
1616 2249 1969 2321 fraudaverat,
1998 2254 2192 2330 partim
2215 2273 2315 2332 pro
2339 2252 2454 2310 dote

473 2345 572 2404 fibi
596 2350 650 2401 δε
674 2343 843 2400 sorori
866 2338 964 2397 suae
988 2335 1181 2396 debita.

568 2423 672 2480 III.
719 2421 820 2479 Sed
855 2416 1076 2477 candide
1111 2438 1354 2496 agamuS,
1397 2412 1685 2495 demusque
1721 2420 1990 2499 Spencero,
2035 2414 2186 2496 quod
2209 2436 2323 2473 non
2348 2418 2456 2474 im·-

484 2503 835 2584 probabiliter
867 2501 1100 2580 pugnat,
1143 2501 1385 2577 relzgione
1423 2502 1477 2553 &
1511 2517 1690 2554 amore
1712 2501 1751 2556 *s
1779 2494 2089 2580 ‘Naeraphim
2117 2496 2327 2554 du&am
2348 2501 2460 2553 Ra-

485 2586 674 2642 chelem
697 2582 804 2654 liaec
828 2584 1013 2640 omnia
1038 2577 1188 2636 fuiffe
1215 2580 1475 2636 molitam.
1559 2577 1797 2636 Labanm
1820 2581 1876 2636 in
1902 2599 2090 2637 eorum
2114 2580 2460 2637 veneratione

490 2665 868 2733 consenuerat,
908 2657 1111 2721 vetusta
1141 2657 1382 2717 soc-ordia
1416 2681 1474 2717 ac
1511 2656 1880 2741 superstitione
1921 2659 2179 2718 detentus.
2265 2659 2411 2716 Filiae
2434 2682 2464 2719 a

493 2748 689 2805 teneris
713 2745 1018 2825 unguiculis
1044 2740 1227 2799 eadem
1252 2739 1470 2799 imbutae
1493 2743 1757 2818 opinione
1771 2785 1788 2812 ,
1803 2742 1861 2798 in
1883 2761 1943 2798 ea
1961 2740 2211 2798 haetenus
2235 2742 2461 2819 regione

495 2831 761 2898 vixerant,
806 2825 901 2883 ubi
936 2824 1225 2882 errantium
1260 2823 1551 2881 multitudo
1587 2820 1797 2880 favebat
1818 2824 1998 2880 errori.
2079 2818 2365 2879 Probabile
2390 2820 2466 2879 est
2524 2827 2528 2833 '

500 2906 787 2988 Jacobum,
831 2908 1021 2964 melius
1048 2926 1078 2961 a
1098 2921 1242 2982 patre
1268 2903 1439 2972 Isaaco
1465 2901 1798 2975 institutum,
1841 2925 1955 2960 non
1980 2901 2088 2959 fine
2123 2922 2321 2981 magno
2347 2905 2465 2962 ani.-

502 2990 580 3046 mi
614 3009 851 3061 moerore
881 2986 1189 3067 grassantem
1229 2986 1369 3064 inter
1402 3003 1620 3065 agnatos
1659 2981 2088 3064 superstitionem
2114 2981 2467 3061 conspexiffe;

503 3071 660 3150 eique
692 3067 773 3141 se,
818 3091 921 3148 qua
954 3067 1200 3146 exemplo
1224 3109 1240 3138 ,
1296 3088 1401 3147 qua
1434 3065 1618 3128 sanetis
1655 3065 1877 3126 monitis
1900 3110 1917 3138 ,
1959 3061 2274 3146 opposuisse.
2361 3064 2466 3123 Sed

2300 3165 2470 3223 quum
