2539 3612
406 149 512 213 352
1083 117 1699 178 DEDECEM

401 252 522 310 erga
548 229 752 286 domum
777 233 898 284 ISR
914 242 1160 289 AELIS,
1205 230 1281 276 Θ
1309 238 1429 296 erga
1443 214 1647 271 domum
1667 212 1864 286 JuDAE.
1909 217 2120 268 Iterum
2137 209 2374 291 designa-

401 328 489 367 tur
526 330 735 388 tempus
773 304 1089 363 antecedens
1133 305 1187 357 δέ
1225 300 1488 355 comitans
1524 296 1855 353 nativitatem
1893 290 2096 350 Christi
2119 337 2136 362 ‚
2180 290 2244 349 de
2273 291 2380 370 qua·

402 411 543 448 com.
581 408 665 466 15.

483 473 615 528 XV.
663 470 1012 545 Qicumque
1053 484 1177 520 cum
1218 460 1412 541 Judaeis
1449 479 1477 514 e
1521 456 1791 535 Babylone
1830 453 2112 512 reducibus
2150 454 2208 511 in
2247 468 2385 507 terra

405 550 711 606 habitarunt
752 570 779 604 e
816 549 1012 604 caeteris
1049 541 1294 601 tribubus
1332 540 1530 597 lsra'e‘lis
1574 544 1616 594 ii
1663 539 1893 618 triplicis·
1911 538 2144 592 omnino
2179 530 2387 591 ord-inin

410 625 561 686 fuisse
588 630 858 687 videntur.
938 628 1046 685 Vel
1073 647 1136 680 ex
1161 627 1265 680 illis
1291 623 1399 679 orti
1428 664 1443 688 ,
1498 640 1619 698 qnos
1644 620 1964 696 reliquerant
2002 620 2195 696 Assyrii
2225 635 2242 670 .·
2303 614 2390 670 vel

414 732 607 767 eorum
642 730 885 790 propago
912 751 927 776 ‚
981 712 1071 785 qui
1109 706 1374 783 religionis
1417 722 1585 756 amore
1625 697 1818 754 dudum
1844 697 1938 774 fibi
1963 720 2040 753 res
2066 720 2179 754 cum
2201 693 2392 776 Judaea

405 808 560 867 gente
584 812 862 847 communes
886 786 1066 844 habere
1091 788 1363 841 voluerunt
1379 827 1393 852 ‚
1440 779 1626 837 iiscum
1648 778 1891 847 abducti,
1919 778 2227 859 reductique
2248 798 2259 830 :
2305 779 2393 834 vel

408 871 666 951 *denique*
695 876 795 929 illis
821 873 1105 953 prognati,
1171 887 1292 944 quos
1332 869 1387 920 in
1424 864 1681 942 Aſjjriam
1717 858 2061 937 Maiiamque
2110 861 2397 943 deportatos

417 950 546 1031 saepe
573 952 887 1010 audivimus.
975 948 1185 1004 Omnes
1226 965 1403 1003 tamen
1441 948 1681 1020 exignum
1717 937 1887 995 fecere
1924 961 2209 997 numerum
2233 985 2248 1010 ‚
2295 937 2399 995 sive

419 1054 543 1089 curn
568 1035 764 1090 caeteris
790 1054 881 1089 eos
907 1026 1302 1087 contribulibus
1330 1024 1432 1080 suis
1448 1067 1463 1092 ‚
1509 1022 1610 1078 sive
1639 1041 1762 1076 cum
1780 1019 1934 1091 Judae
1959 1019 2241 1076 reducibus
2266 1039 2402 1076 con-

425 1113 624 1173 tendas».
713 1115 773 1172 Id
809 1111 960 1193 quod
990 1109 1249 1186 Jeremias
1292 1102 1599 1185 praedixerat
1624 1144 1640 1172 ,
1694 1105 1747 1156 &
1787 1099 2005 1157 historia
2031 1104 2209 1158 omnis
2237 1100 2402 1160 fidem

430 1193 574 1252 facit.

514 1280 635 1336 XV
653 1281 694 1334 1.
739 1274 949 1333 Idcirco
992 1294 1108 1330 non
1149 1289 1203 1328 ut
1238 1272 1361 1326 olim
1386 1266 1648 1346 disiinflas
1673 1284 1771 1342 pro
1796 1262 1899 1320 suis
1927 1266 2129 1343 quique
2153 1263 2410 1335 tribubus,

434 1378 492 1415 ac
503 1358 772 1433 familiis,
816 1355 1066 1423 urbium,
1110 1356 1357 1410 vicorum
1381 1389 1401 1422 9
1443 1349 1794 1423 villarumque
1821 1345 2121 1426 poffi’ffiones
2157 1343 2407 1403 habuere.

435 1440 561 1497 Fuit
598 1439 820 1518 quidem
855 1434 950 1493 sub
988 1436 1193 1512 templo
1227 1429 1462 1488 secundo
1499 1428 1710 1506 vulgata
1743 1443 1890 1482 terrae
1923 1427 2143 1502 partitio
2169 1427 2226 1481 in
2266 1427 2412 1486 GA-

437 1537 758 1579 LILAEAM
800 1524 856 1574 δε
897 1516 1261 1595 JuDAEAM,
1305 1533 1432 1590 quas
1477 1513 1844 1567 SAMAR1A
1888 1504 2298 1564 disterminabat.
2344 1509 2415 1564 Et

440 1597 574 1657 sicut
617 1598 712 1655 haec'
749 1597 1056 1655 Cuthaeoriim
1079 1592 1300 1674 posteris
1325 1592 1620 1669 plurimum
1651 1582 1858 1653 insessa,
1901 1586 1995 1661 ista
2019 1585 2222 1662 Judaeis
2244 1583 2417 1644 stri&

441 1678 515 1737 fic
551 1680 704 1738 dietis
739 1677 1032 1736 inhabitata
1059 1718 1074 1742 ‚
1129 1677 1202 1729 ita
1235 1678 1289 1728 &
1326 1674 1471 1726 illam
1507 1667 1772 1743 Iftab'litas
1808 1665 2028 1721 aliarum
2068 1664 2307 1722 tribuum
2329 1665 2422 1724 ha-

445 1759 664 1828 baisse,
689 1760 755 1815 ad
777 1758 1014 1814 veritatis·>
1036 1751 1441 1811 similitudinem
1471 1742 1796 1827 propensum
1835 1743 1926 1806 est.
2012 1746 2174 1803 Adeo
2199 1745 2421 1827 quidem

439 1860 509 1897 *ut
533 1861 670 1918 quos
696 1836 970 1899 constabat
997 1834 1339 1891 Zabulonitas
1365 1828 1463 1887 effe
1491 1831 1549 1885 in
1574 1828 1793 1906 antiqua
1818 1823 2421 1912 Zabulonitide,Neph·-

449 1924 606 1980 mlitae
631 1923 826 1999 pariter
857 1921 913 1975 in
943 1915 1029 1974 sua
1053 1915 1332 1994 provincia
1357 1912 1686 1968 vixerintt&
1713 1906 1779 1963 fic
1809 1906 1872 1963 de
1899 1910 2112 1966 caeteris.
2157 1914 2419 1967 Attamen

456 2023 796 2081 nequaquam
822 2018 931 2057 tam
961 2015 1196 2056 accurata
1220 1994 1353 2051 facta
1378 1990 1451 2048 est
1479 1986 1857 2068 poffeffionum
1883 1990 2023 2044 inter
2048 2011 2140 2046 eos
2168 1990 2421 2049 distribu—

452 2087 562 2152 tio,
606 2101 765 2161 atque
791 2083 942 2138 olim.
1028 2079 1153 2135 Nec
1192 2076 1374 2155 potuit
1415 2070 1531 2126 fieri
1562 2093 1574 2125 ε
1619 2070 1814 2147 partim
1849 2066 1923 2123 ob
1951 2071 2205 2148 exiguum
2232 2093 2421 2132 eorum

455 2167 551 2244 qui
583 2163 857 2221 redierunt
888 2181 1200 2227 numerum,
1245 2155 1438 2232 partim
1465 2152 1592 2229 quia
1621 2148 1808 2206 Cuthaei
1832 2170 1946 2205 non
1970 2153 2425 2210 contemnendam

458 2244 762 2322 Ifi'ak'litidis
806 2244 1120 2320 portionem
1157 2233 1519 2313 occupabant:
1565 2229 1654 2288 sed
1687 2231 1772 2287 vel
1799 2232 2058 2299 maxime,
2105 2234 2230 2311 quia
2254 2231 2418 2291 stem..

459 2322 886 2403 matographiam
911 2323 1054 2376 suam
1082 2319 1319 2393 Istae'litae
1341 2311 1647 2382 amiserant,
1692 2308 1836 2367 secus
1866 2332 1922 2366 ac
1936 2310 2114 2391 Judaei
2135 2357 2152 2383 ‚
2196 2335 2432 2393 quorum

460 2406 664 2463 indices
691 2402 1058 2482 genealogici,
1084 2398 1148 2456 ad
1170 2398 1402 2455 reditum
1426 2397 1483 2450 in
1517 2411 1709 2450 terram
1733 2397 1787 2448 δε
1815 2393 1952 2449 ultra
1973 2393 2247 2471 produffi,
2291 2396 2432 2475 apud

460 2488 680 2554 Euam,
724 2483 1086 2553 Nehemfflm,
1131 2486 1182 2536 &
1210 2482 1266 2536 in
1291 2479 1468 2556 primo
1497 2473 1904 2531 Chronicorum
1929 2472 2148 2532 exstant.

548 2571 725 2625 XVII.
771 2561 1007 2620 Postulat
1045 2560 1155 2617 haec
1193 2556 1494 2616 observatio
1529 2556 1761 2635 aliquam
1789 2554 2031 2629 ἑπιμοννὶν.
2075 2558 2282 2616 Scivere
2308 2562 2434 2639 qui-

465 2650 590 2706 dem
630 2644 976 2703 Israelitarttin
1009 2642 1167 2700 multi
1191 2662 1253 2697 ex
1276 2640 1492 2717 privatis
1519 2638 1948 2706 commentariiS‚
1992 2645 2137 2713 cujus
2160 2638 2329 2697 tribus
2353 2639 2435 2697 es·-

462 2728 594 2786 sent.
641 2733 719 2783 Ita
746 2729 971 2783 Annam
993 2720 1378 2801 Prophetiffam
1402 2719 1465 2776 de
1491 2716 1637 2776 tribu
1661 2717 1827 2794 Aser,
1856 2720 2079 2775 Paulum
2105 2718 2435 2798 Apostolum

466 2811 529 2868 de
555 2808 704 2866 tribu
729 2810 1005 2888 Benjamin
1029 2801 1178 2862 fuiffe
1209 2799 1429 2859 constat.
1526 2800 1914 2878 Nequiverunt
1936 2818 2115 2856 tamen
2146 2803 2434 2879 gentilium

462 2888 682 2947 suorum
709 2910 824 2945 non
846 2890 1204 2965 interruptum
1226 2882 1463 2940 indicem
1490 2902 1554 2938 ex
1568 2878 1783 2962 puhlicis
1806 2881 2057 2960 catalogis
2081 2880 2251 2940 edere.
2295 2881 2434 2938 Non

471 2972 681 3050 potuit,
721 2967 872 3027 verbi
909 2969 1074 3048 gratia
1099 3010 1114 3035 ‚
1170 2967 1343 3023 Anna
1368 2960 1688 3042 prophetiffa
1710 2960 1986 3020 ostendere
2011 3007 2027 3033 ‚
2073 2986 2176 3043 qua
2201 2962 2440 3019 filiorum

475 3071 849 3132 nepotumque
875 3049 1015 3108 resta
1036 3049 1176 3110 linea
1199 3045 1264 3106 ab
1289 3044 1482 3125 Asm,
1526 3041 1683 3122 stirpe
1711 3040 1817 3104 suae
1836 3041 2037 3117 tribu3‚
2080 3041 2434 3118 descendisset.

2370 3124 2446 3183 Et
