2539 3612
381 203 494 244 210
911 185 1887 238 AEGYPT1AcoRuM

377 303 581 368 pauca,
623 279 800 363 quibus
826 299 994 336 eorum
1017 278 1372 335 crudelitatem
1396 294 1687 357 exaggerat.
1755 274 1977 334 Deinde
2004 276 2224 356 Regum
2246 281 2371 359 qui-

393 364 616 422 busdam
652 359 969 420 nominibus
1008 359 1295 433 interje<ffis
1321 404 1336 427 ,
1391 377 1564 416 narrat
1588 376 1810 436 gentem
1837 359 1981 413 illam
2004 377 2247 416 vocatam
2271 359 2371 423 effe

396 447 459 503 H
475 463 605 503 YCS
623 464 723 510 OS,
767 441 871 497 hoc
907 437 982 496 est
1021 445 1173 520 Reges
1216 439 1458 518 Pastores.
1543 442 1666 519 Hyc
1690 439 1837 495 enirn
1865 436 2155 496 secundum
2178 437 2372 498 {acram

397 527 637 605 linguam
675 527 860 600 Regem
885 520 1172 600 fignificat3
1215 526 1305 575 Sos
1329 541 1458 577 vero
1474 519 1726 602 pastorem
1751 518 1853 576 five
1881 520 2107 597 Pastores
2123 564 2138 588 ‚
2181 518 2370 578 secun-

395 605 526 664 dum
551 624 903 662 communem
927 602 1239 659 dialeffibum:
1284 607 1338 657 &
1366 603 1438 657 ita
1460 598 1820 678 compositum
1857 601 2131 656 invenitur
2155 603 2364 677 Hycfos.

396 685 634 765 Qidam
659 705 787 744 vero
812 683 1027 752 dicunt,
1072 704 1164 739 eos
1189 680 1408 738 Arabas
1433 680 1549 738 effe.
1636 679 1811 738 Addit
1837 679 2117 762 Josephus:
2163 677 2229 737 In
2240 685 2368 739 aliis

394 784 565 822 autem
597 763 967 847 exemplaribus
1007 785 1109 820 non
1145 768 1301 842 Reges
1315 762 1601 841 significari
1623 766 1841 844 comperi
1856 779 1950 842 per
1970 764 2365 842 appellationem

397 849 521 924 Hyc
536 846 644 924 ‚sed
670 870 695 904 e
715 845 911 920 diverso
937 846 1173 922 captivos
1196 844 1458 900 declarari
1481 841 1726 923 pastores.
1771 844 1894 919 Hyc
1918 848 2055 898 enim
2082 845 2369 921 AEgyptia-

399 947 458 984 ca
481 931 690 1006 lingua,
738 939 816 984 (γ’
853 925 978 993 hae,
1033 923 1233 1002 quando
1269 924 1410 1000 denso
1421 924 1540 1000 fimo
1559 924 1816 1006 profertur
1844 917 2082 1000 captivos
2108 942 2278 1006 aperte
2291 926 2367 1002 fi-

385 1008 609 1086 gnificat
635 1030 652 1066 .·
702 1021 780 1068 <9⁹
802 1007 894 1063 hoc
907 1010 1080 1090 potius
1102 1007 1382 1084 verisimile>
1401 1005 1533 1064 mihi
1554 1003 1789 1072 videtur,
1819 1015 1895 1059 ΟΝ
1918 1003 2126 1081 historia
2150 1010 2366 1085 antiqua

394 1110 715 1146 conveniens.

475 1176 573 1227 ΙΙΙ.
619 1169 745 1227 Post
778 1171 875 1227 alia
910 1169 1181 1243 interjeeta
1216 1170 1394 1247 pergit
1431 1162 1721 1222 Manethos
1743 1183 1761 1218 .·
1805 1161 1904 1218 Sub
1921 1131 2060 1242 ‘kege
2084 1170 2168 1219 eui
2189 1185 2367 1221 nomen
2402 1215 2404 1217 ,

396 1268 508 1308 erat
543 1249 1043 1330 Alisfragmuthofis
1068 1248 1230 1304 vicst'os
1263 1249 1512 1329 pastores,
1559 1258 1636 1302 (ξφ
1660 1246 1826 1300 aliam
1848 1243 2054 1322 quidem
2080 1246 2370 1321 universam

397 1335 704 1411 AEgyptum
730 1331 1027 1414 perdidzffe,
1069 1330 1281 1404 inclusos
1316 1345 1485 1385 autem
1520 1332 1575 1382 in
1612 1328 1778 1382 locum
1802 1322 2065 1381 habentem
2088 1326 2369 1400 mensuram

382 1416 626 1492 jugerum
658 1413 829 1469 decem
851 1415 1073 1468 millium
1098 1431 1116 1465 .·
1150 1414 1233 1465 cui
1269 1412 1378 1463 loco
1414 1427 1592 1462 nomen
1629 1404 1693 1482 est
1716 1405 1925 1462 Avaris,
2011 1406 2211 1461 Filium
2242 1427 2364 1463 vero

392 1491 946 1573 Alisfragmuthoseos
979 1487 1282 1546 Themofin
1319 1504 1555 1543 conatum
1589 1508 1667 1542 eos
1703 1491 1765 1540 vi
1789 1503 2075 1566 expugnare
2102 1507 2216 1543 cum
2237 1509 2368 1565 qua-

393 1574 680 1652 dringentis
727 1574 976 1651 otloginta
1020 1568 1252 1625 millibus
1297 1585 1611 1625 armatorum
1671 1587 1839 1622 eorum
1884 1589 2051 1623 muros
2106 1566 2319 1643 obsedisse
2343 1589 2362 1625 .·

319 1688 324 1695 -
391 1659 572 1734 Qum
612 1677 732 1724 vero
771 1654 834 1709 de
869 1650 1347 1731 obstdionissucceffu
1371 1649 1650 1730 despereffet
1666 1646 1822 1727 paria
1847 1667 1959 1700 cum
1983 1653 2056 1701 eis
2068 1649 2265 1722 fecisse,
2310 1667 2365 1704 ut

389 1741 697 1815 AEgyptum
723 1738 1059 1811 relinquentes
1083 1752 1176 1808 quo
1199 1732 1394 1785 vellent
1418 1731 1620 1782 innoxii
1644 1745 1811 1779 omnes
1833 1724 2045 1781 abirent.
2101 1729 2224 1792 Itos
2246 1748 2366 1783 vero

389 1815 471 1872 his
486 1814 888 1898 promissionibus
913 1815 1228 1894 impetratis,
1272 1829 1385 1863 cum
1410 1812 1549 1862 omni
1570 1803 1714 1860 domo
1744 1816 1822 1862 ΕΤ
1837 1803 2221 1887 poffi’ffionihus,
2264 1829 2364 1863 non

389 1903 556 1953 minus
593 1896 810 1952 ducenta
843 1893 1220 1973 quadringenta
1244 1893 1415 1946 millia
1436 1908 1637 1944 numere
1662 1908 1726 1942 ex
1752 1892 1985 1965 AEgypto
2003 1905 2099 1970 per
2123 1887 2366 1964 desertum

391 1983 448 2032 in
487 1979 688 2056 Syriam
722 1983 817 2033 iter
853 1977 987 2054 egiffl’
1013 1994 1030 2029 .·
1090 1970 1168 2030 (φ
1202 1986 1473 2027 metuentes
1519 1966 1855 2044 Assyriorum
1884 1973 2169 2049 potentiam
2207 1974 2367 2040 (tunc

392 2064 528 2115 enim
552 2062 632 2114 illi
656 2057 838 2114 Asiam
874 2052 1184 2124 obtinebant)
1225 2057 1279 2108 in
1303 2069 1440 2107 terra
1463 2070 1564 2128 qua
1587 2068 1721 2104 nunc
1744 2047 1832 2126 JU
1848 2067 1891 2105 D
1907 2067 2022 2106 AEA
2046 2067 2260 2106 vocatur
2287 2055 2366 2105 ci·-

392 2145 612 2196 vitatem
644 2138 981 2215 adifimwffi,
1025 2157 1125 2214 qua
1149 2150 1222 2188 tot
1245 2129 1478 2187 millibus
1498 2128 1759 2184 hominum
1770 2128 1990 2207 sufficere
2005 2133 2178 2210 posset,
2223 2148 2363 2186 eam-

392 2243 487 2298 que
508 2224 569 2278 H
584 2242 604 2279 1
621 2241 659 2277 E
674 2242 717 2278 R
732 2240 768 2276 0
783 2240 806 2277 s
821 2239 857 2274 0
872 2237 911 2274 L
926 2235 969 2272 Y
986 2238 1033 2272 Μ
1052 2237 1094 2274 A
1114 2234 1160 2272 M
1195 2213 1445 2285 vocitaffe.
1529 2212 1662 2266 Haec
1685 2210 1991 2266 Manethos.
2192 2224 2195 2227 ’

471 2306 572 2359 IV.
618 2302 736 2379 Qi
767 2297 925 2365 alibi,
968 2297 1050 2352 uti
1086 2292 1333 2374 Jofiephus
1367 2290 1673 2359 arbitratur,
1717 2288 1794 2347 sui
1834 2289 2035 2347 oblitus
2060 2333 2077 2360 ,
2133 2291 2366 2352 incredi-

395 2380 526 2438 bilia
548 2380 709 2439 verba
733 2379 798 2436 de
829 2375 1019 2452 Judaeis
1042 2372 1281 2442 inseruit,
1295 2374 1480 2432 volens
1508 2375 1571 2429 iis
1596 2369 1910 2451 permiscere
1938 2370 2153 2449 plebem
2172 2378 2366 2453 eAEgy-

384 2467 615 2547 ptiorum
650 2456 1015 2538 leprosorum,
1070 2456 1404 2535 aliorumque
1442 2455 1815 2533 languentium
1841 2493 1860 2526 ,
1900 2454 2026 2533 qui,
2083 2451 2233 2510 sicuti
2257 2457 2361 2525 ait,

396 2542 802 2600 abominatione
838 2562 902 2596 ex
944 2543 1190 2620 eAEgypto
1234 2535 1415 2615 dilapsi
1454 2534 1588 2593 sunt.
1675 2539 1869 2615 Longa
1907 2532 1980 2591 est
2014 2531 2228 2591 fabula:
2273 2533 2362 2593 sed

396 2623 598 2682 summa
635 2622 817 2702 sequar
853 2619 1059 2699 fastigia
1092 2639 1284 2675 rerum.
1369 2624 1560 2694 Quum
1585 2616 1906 2699 Amenophis
1946 2636 2123 2672 rerum
2147 2617 2207 2672 in·
2232 2621 2363 2674 2243-

387 2724 542 2789 gypto
586 2707 852 2783 potiretur
877 2747 893 2772 ‚
946 2702 1135 2780 aliquis
1173 2702 1223 2756 ei
1262 2700 1609 2780 cognominis
1657 2696 1903 2778 persuasit
1938 2698 2052 2776 regi
2077 2739 2093 2764 ,
2148 2694 2266 2754 fore
2304 2713 2367 2754 ut
2405 2740 2406 2743 ,

398 2791 553 2844 Deos
588 2784 1007 2864 conspicaretur,
1061 2781 1321 2861 liquidem
1347 2784 1682 2860 provinciam
1704 2802 1733 2837 a
1753 2776 1969 2859 leprofis
2004 2775 2221 2857 aliisque
2257 2779 2365 2834 irn-

401 2868 615 2925 mundis
650 2864 966 2923 homin-ibus
991 2884 1215 2943 purgare
1243 2863 1611 2922 contenderet.
1697 2867 1822 2942 Qa
1844 2882 1899 2918 re
1923 2860 2155 2916 laetatum
2179 2878 2363 2937 regem

403 2970 591 3006 omnes
643 2968 868 3027 corpore
907 2945 1108 3004 debiles
1144 2965 1207 3001 ex
1246 2950 1495 3029 eAEgypto
1531 2939 1869 3025 congregasse
1893 2985 1910 3011 ,
1976 2939 2041 2997 ad
2076 2959 2363 2998 numerum

398 3031 706 3110 odffuaginta
727 3030 974 3087 millium.
1058 3024 1274 3106 Eosque
1299 3028 1361 3084 ad
1389 3027 1702 3105 lapidicinasv
1719 3027 1777 3082 in
1801 3040 2008 3103 partem
2026 3021 2151 3077 Nili
2175 3023 2363 3080 orien-

399 3113 563 3174 talem.
591 3109 805 3171 mififfe„
883 3108 1099 3190 Qubus
1135 3130 1305 3188 quum
1329 3108 1524 3169 'eruditi
1549 3107 1795 3189 quidam,
1839 3122 1892 3164 at
1913 3100 2133 3184 leprofi,
2179 3105 2360 3242 S‘alcer-

2248 3199 2372 3240 otc&
