2539 3612
57 280 160 317 Mor.
177 277 303 315 Nevo.

53 334 135 368 P2rt
167 341 181 367 1
192 342 207 367 x
222 340 254 367 1.

59 393 138 434 cap.
152 393 249 420 xxxx
263 392 296 420 1.

351 165 421 237 56
850 158 1824 211 AEGYPT1A00RUM

351 262 409 317 in
432 260 671 318 medium
694 254 1040 335 proferamus
1066 259 1240 333 Qia,
1268 253 1478 330 inquit,
1503 270 1657 328 quum
1677 250 2353 329 nascuntur-animaliafitnt

347 347 627 397 ‘tenerrima
643 384 658 408 ,
686 360 838 415 neque
850 339 979 414 ficco
1006 333 1111 389 cibo
1140 337 1220 389 ali
1232 333 1421 414 possunt
1436 375 1452 400 ‚
1469 330 1576 386 ideo
1602 332 1746 386 Deus
1771 330 2050 414 adaptavit
2072 334 2187 388 illis
2208 333 2359 392 ubera

353 422 426 478 ad
457 425 541 476 lac
565 416 990 498 ingenerandum:
1030 430 1084 470 ut
1107 411 1311 470 humido
1337 410 1571 494 ejusmodi
1593 408 1699 466 cibo
1723 455 1740 482 ,
1796 429 1843 467 te
1929 428 2178 468 eramento
2201 430 2360 470 mem-'-

353 502 553 558 brorum
588 485 797 580 ipsorum
820 499 1141 551 convenienti
1163 539 1178 564 ‚
1235 499 1530 549 nutriantur
1554 534 1571 561 ,
1624 490 1779 548 donec
1801 514 1857 548 or
1895 497 1976 548 ine
2002 504 2080 549 (γ’
2091 494 2363 572 gradatim

355 582 679 659 exsiccentur,
708 591 786 633 Ψ
808 578 1162 653 confortentur.
1207 578 1272 630 A
1277 595 1302 627 c
1311 575 1536 652 similem
1549 572 1708 654 plane
1724 572 2101 653 gubernationis
2125 575 2233 629 Dei
2255 577 2366 656 Op-

356 668 473 716 timi
509 663 758 715 Maximi
793 656 998 712 modum
1033 654 1286 732 observare
1323 656 1442 710 licet
1480 657 1535 708 in
1569 651 1711 708 rebus
1736 655 1907 709 multis
1933 659 1987 708 in
2012 658 2145 732 Lege
2167 655 2365 731 nostra,

357 747 480 819 quia
516 760 613 794 non
642 741 762 792 licet
772 735 934 813 fhbito
963 749 1040 794 (J
1064 752 1308 792 momento
1333 735 1469 813 quast
1493 736 1701 812 tranfire
1723 756 1757 790 a
1783 738 2035 789 contrario
2063 753 2158 788 uno
2182 733 2253 789 ad
2280 738 2366 790 al-

355 838 515 876 terum
541 845 554 887 3
610 831 687 875 (5¹
714 836 807 899 per
831 817 1116 896 consequens
1127 814 1402 892 ftcunolum
1425 831 1665 871 naturam
1689 813 2040 891 hominufieri
2062 834 2160 868 non
2174 815 2332 896 potest
2352 860 2371 886 ‚

353 918 409 956 ut
445 916 686 955 momento
727 901 983 975 relinquat
1009 897 1064 953 id
1089 902 1171 953 cui
1195 899 1338 976 longo
1366 897 1594 978 temporis
1605 895 1770 977 spatio
1794 895 1859 973 est
1882 893 2125 970 adfiietus.
2188 898 2370 976 Qum

353 973 525 1058 itaqu'e
549 982 681 1056 mifit
704 981 845 1034 Deus
870 977 1053 1053 Mofhn
1078 1021 1095 1047 ‚
1138 978 1407 1034 Doc‘torem
1430 976 1647 1054 nostrum
1662 982 1761 1058 pia
1783 981 2026 1032 memoria
2042 1018 2058 1043 ‚
2098 992 2151 1030 ut
2173 997 2262 1030 nos
2271 978 2372 1053 fa-

353 1078 483 1116 ceret
505 1062 676 1139 regale
699 1057 1048 1115 Sacerdotium
1074 1102 1090 1127 ,
1125 1075 1329 1137 gentem
1341 1056 1575 1134 sancsiam
1600 1099 1616 1124 ‚
1652 1061 1823 1137 primo
1851 1061 1905 1111 in
1929 1061 2211 1133 cognitione
2235 1060 2372 1128 Dei,

354 1139 536 1196 deinde
578 1146 631 1196 in
667 1141 805 1195 cultu
833 1160 849 1194 .·
908 1152 987 1197 (φ
1012 1142 1194 1218 usitata
1217 1156 1324 1195 tum
1351 1143 1405 1193 in
1430 1135 1614 1192 mundo
1639 1135 1926 1208 consuetudo
1951 1152 2061 1190 erat
2087 1178 2104 1203 ,
2159 1142 2243 1191 cui
2265 1159 2373 1192 om-

358 1242 446 1276 ms
468 1220 659 1297 adsueti
683 1264 699 1288 ‚
744 1231 823 1277 (γ’
845 1222 1009 1275 cultus
1033 1220 1329 1294 universali}
1355 1221 1410 1270 in
1435 1236 1527 1293 quo
1554 1235 1723 1269 omnes
1747 1230 1891 1269 erant
1918 1213 2153 1283 educati,
2197 1232 2252 1271 ut
2275 1237 2379 1273 va-

357 1307 441 1357 riae
464 1304 772 1357 animalium
785 1298 974 1382 species
990 1344 1007 1370 ,
1051 1305 1105 1355 in
1134 1299 1330 1381 templu·
1355 1299 1453 1352 illic
1478 1301 1532 1351 in
1555 1291 1733 1372 quibus
1757 1298 2006 1371 imagines
2035 1295 2375 1367 collocabant,

360 1382 648 1460 offerrentur
673 1425 688 1449 ,
742 1401 912 1437 coram
947 1384 1045 1437 illis
1061 1376 1465 1461 procumbe-retur
1487 1419 1503 1443 ,
1559 1388 1638 1430 (Τ
1659 1373 1946 1430 adoleretur
1966 1397 1982 1441 ;
2036 1379 2161 1430 certi
2185 1376 2378 1459 insuper

362 1461 576 1540 quidam
610 1464 747 1535 essent
782 1462 994 1516 cultores
1015 1459 1307 1536 sequestrati
1342 1456 1481 1534 quast
1519 1465 1597 1512 (γ’
1622 1453 1694 1509 ad
1717 1456 1908 1509 cultum
1936 1457 2079 1510 illum
2104 1454 2348 1533 destinati
2358 1501 2378 1526 ,

362 1548 451 1621 qui
490 1548 544 1598 in
581 1559 679 1597 tem
716 1544 774 1596 lis
812 1546 865 1596 in
902 1539 1135 1596 honorem
1161 1540 1284 1594 Solis
1310 1537 1461 1593 Lunae
1483 1537 1892 1612 reliquarumque
1902 1535 2166 1612 stellarum
2187 1537 2381 1614 exstru-

366 1623 451 1678 {tis
486 1643 658 1677 exerce
687 1638 805 1677 atur
830 1646 846 1690 ;
897 1620 1005 1676 ideo
1043 1621 1206 1674 noluit
1244 1622 1508 1699 Sapientia
1534 1629 1611 1672 (Γ
1634 1614 1974 1671 Providentia
1997 1619 2143 1685 Dei,
2197 1640 2297 1695 qua
2324 1624 2380 1674 in

367 1701 594 1758 omnihus
620 1706 723 1758 e‘us
749 1707 994 1758 creaturis
1020 1696 1446 1769 lucet‚mandare
1472 1713 1525 1751 ut
1549 1698 1712 1752 cultus
1738 1699 1818 1751 illi
1841 1717 2006 1750 omnes
2019 1695 2383 1775 derelinquan-

369 1800 451 1839 tur
475 1800 564 1839 aut
586 1723 895 1838 adoleantur.
951 1779 1261 1861 Hujusmodi
1282 1784 1423 1833 enim*
1439 1781 1515 1831 rei
1538 1795 1621 1829 cor
1642 1775 1920 1830 humanum
1945 1819 1960 1844 ‚
2004 1775 2135 1854 quod
2147 1796 2385 1860 perpetuo

371 1862 442 1919 ad
478 1863 535 1918 id
572 1865 792 1919 inclinat
830 1867 911 1918 cui
948 1862 1013 1938 est
1049 1859 1305 1936 adsuetum
1329 1902 1345 1927 ‚
1401 1857 1709 1912 naturaliter
1743 1877 1841 1911 non
1867 1858 2036 1932 fuisset
2070 1853 2250 1940 capax.
2276 1892 2385 1905 ---

371 1949 582 2027 Propter
614 1944 747 2000 hanc
782 1944 995 2016 cauffam
1028 1945 1239 1997 retinuit
1264 1942 1408 1996 Deus
1431 1936 1599 1992 adhuc
1622 1936 1709 1992 hos
1733 1939 1896 1991 cultus
1923 1980 1939 2005 ‚
1997 1936 2159 2015 eosque
2184 1961 2218 1994 a
2242 1938 2385 1997 rebus

371 2030 558 2080 creatis
583 2038 660 2083 ἐφ’
675 2023 1078 2107 phantasmatis,
1095 2044 1194 2099 quae
1217 2023 1411 2076 nullam
1433 2022 1705 2096 ‘ueritatem
1726 2013 1909 2071 habent
1922 2060 1938 2085 ,
1952 2015 2023 2072 ad
2046 2039 2222 2073 nomen
2235 2019 2386 2094 suum

373 2105 633 2182 transtulit
655 2148 670 2173 ‚
718 2117 795 2161 ΕΤ
810 2108 1041 2187 pracepit
1064 2119 1118 2158 ut
1133 2103 1232 2182 ipst
1254 2097 1610 2174 aedificaremus
1633 2096 1850 2178 Templa
1866 2141 1880 2164 ‚
1924 2113 1978 2152 ut
2001 2099 2169 2154 altare
2189 2106 2387 2157 nomini

363 2185 453 2261 fito
466 2188 535 2262 fit
559 2183 893 2260 consscratum
914 2228 930 2253 ,
974 2179 1300 2256 utsacrificia
1325 2179 1413 2259 ipsi
1435 2176 1728 2255 offerantur,
1772 2194 1827 2232 ut
1849 2198 1937 2231 nos
1962 2184 2282 2236 incurvemus
2307 2193 2386 2238 (φ’

366 2267 586 2343 suffitum
609 2269 877 2341 faciamus
905 2281 1075 2317 coram
1099 2259 1221 2341 Ipso.
1307 2264 1393 2314 Sic
1404 2257 1685 2334 sacerdotes
1709 2256 1780 2314 ad
1804 2260 1995 2314 cultum
2006 2257 2292 2335 sancsluarii
2303 2260 2392 2337 fi-

412 2351 618 2412 aravit,
662 2351 763 2400 &o

464 2429 616 2482 XVI.
671 2424 889 2482 Deinde
912 2446 1040 2482 ·non
1076 2425 1265 2502 populi
1300 2441 1508 2480 tantum
1543 2421 1818 2497 Ifrae'litici
1844 2464 1859 2489 ,
1915 2419 2001 2477 sed
2026 2426 2080 2478 &
2104 2424 2392 2478 Gentilium

386 2504 593 2562 ruditas·
621 2511 780 2576 (nam
816 2527 1005 2562 eorum
1041 2507 1201 2561 etiam
1236 2526 1414 2561 curam
1448 2505 1655 2560 Divina
1688 2500 1839 2582 geffit
1876 2503 2190 2572 clementia)
2216 2524 2394 2560 mores

387 2588 596 2665 aliquos
630 2604 829 2643 veteres
870 2586 1152 2646 in'cultum
1178 2590 1232 2641 &
1257 2590 1461 2664 Legem
1486 2586 1596 2640 Dei
1623 2582 1976 2661 tranficriptos
2010 2580 2283 2660 postulasse
2308 2585 2392 2639 vi-

392 2667 557 2724 detur.
647 2672 835 2745 Quin]
870 2668 1017 2724 enim
1053 2668 1115 2722 iis
1149 2665 1321 2722 salutis
1358 2663 1467 2743 spes
1502 2666 1645 2720 nulla
1677 2663 1775 2721 nifi
1810 2685 1872 2719 ex
1905 2661 2132 2719 Ecclesia
2177 2661 2398 2741 Judaica

389 2745 683 2826 adfulgeret
695 2773 711 2816 3
766 2747 852 2804 hic
890 2750 1090 2804 rituum
1125 2748 1312 2826 aliquis
1345 2744 1626 2802 consensus
1661 2763 1809 2824 aptus
1835 2762 1984 2800 natus
2010 2759 2118 2801 erat
2138 2742 2398 2822 propenfiz

390 2828 706 2885 ‚Gentilium
741 2831 798 2885 in
835 2828 1045 2906 Judaeos
1082 2848 1377 2906 eorumque
1413 2828 1734 2905 religionem
1769 2823 1935 2880 studia
1968 2823 2190 2894 fovere3
2247 2829 2301 2879 &
2335 2846 2396 2881 ea

391 2927 799 2988 quantacunque
825 2907 1089 2967 sacrorum
1110 2909 1427 2963 communio
1455 2928 1642 2963 corum
1666 2908 1871 2962 animos
1894 2904 2203 2983 Judaeotum
2226 2905 2396 2961 cultui

392 2995 446 3044 δε
473 2991 848 3045 communioni
872 2987 1075 3045 facilius
1097 2987 1442 3067 blandiusque
1469 2986 1786 3066 adjungebat
1807 3029 1822 3053 ,
1878 3005 1934 3040 ac
1960 2985 2233 3041 devinfios
2258 2983 2399 3041 deti-

392 3069 567 3126 nebat.
637 3074 689 3124 A
728 3068 921 3148 quibus
947 3066 1122 3127 forsan
1148 3088 1399 3147 tanquam
1424 3070 1676 3125 novitatis
1703 3063 1865 3123 exosae
1888 3063 2127 3122 studiofis
2150 3109 2165 3134 ‚
2222 3070 2276 3120 &
2299 3085 2397 3144 ge-

390 3153 528 3207 neris
565 3149 783 3218 humani
806 3149 1271 3229 contemptoribus
1295 3194 1311 3222 ‚
1366 3152 1580 3229 penitus
1605 3144 1988 3206 abhorruissent
2012 3190 2030 3217 ,
2086 3144 2123 3204 si
2149 3143 2400 3219 ξειίζοντω

2165 3243 2401 3299 tantum,
