2539 3612
629 159 632 162 ·
712 143 759 200 L
803 160 825 199 1
868 155 920 198 Β.
965 141 1045 196 11.
1135 138 1186 197 C
1231 159 1274 200 A
1319 159 1368 198 P.
1426 140 1616 201 VII'I.
2036 169 2145 222 117

173 264 296 303 cent
321 290 337 315 ,
382 249 547 325 eaque
582 245 734 302 urina
770 260 1105 322 peccatorem
1129 287 1145 313 ‚
1191 241 1311 325 post
1337 244 1522 304 decem
1547 246 1755 306 dierum
1777 251 1818 306 ri
1868 251 2005 310 idam
2029 254 2146 314 satis

170 329 548 403 poenitentiam
573 370 588 395 ‚
635 324 870 381 sacerdos
896 369 912 394 ,
958 344 1121 403 quem
1149 329 1287 384 Cazi‘
1311 326 1529 396 dicunt,
1574 326 1761 408 septies
1787 272 2043 413 asgpcrgit3
2087 342 2143 393 &

168 407 556 486 aliquantulum
581 407 659 462 illi
683 427 746 462 ex
771 428 830 462 ea
852 403 1154 461 bibendum
1179 408 1324 483 porri
1369 409 1424 464 it.
1473 411 1636 466 Tunc
1663 411 1882 469 demum
1906 436 1934 469 a
1959 418 2144 472 crimi-

167 507 236 542 ne
261 486 353 543 suo
377 484 644 543 absolutus
669 484 922 543 censetur.
948 487 1021 542 Et
1045 483 1200 560 hujus
1225 428 1446 565 quidem
1470 492 1599 546 ritus
1623 494 1850 570 primam
1867 497 2139 574 originem

163 566 428 643 Propheta
449 565 542 623 suo
569 569 679 624 anti
721 569 960 635 tuorem,
976 571 1031 622 &
1055 565 1377 645 protaplasto
1404 587 1611 627 tantum
1635 594 1750 629 non
1777 595 2007 632 coaevam
2032 575 2140 634 fin-

157 664 311 723 gunt.
387 646 628 705 Sednon
659 588 733 704 CR
757 646 918 705 nobis
943 645 1258 725 prolubium
1284 669 1347 704 ex
1372 646 1669 710 istiusmodi
1695 652 2136 715 observatiuncu-

156 727 323 783 larum
349 730 593 785 minutiis
617 731 850 808 aliquam
877 727 1196 785 eruditionis
1219 729 1431 786 laudem
1457 736 1721 811 aucupari.

232 812 299 865 X.
355 808 478 866 Nec
516 809 676 867 video
713 809 846 888 quid
873 809 935 866 ad
962 810 1041 867 rei
1067 807 1420 889 Theologicae
1446 833 1796 893 augmentum
1821 816 1976 876 faciat
2000 864 2016 889 ‚
2061 819 2128 890 fi,

153 889 370 966 quando
395 891 622 969 legimus
647 889 832 964 juffiffc
855 892 1044 947 Deum
1058 933 1073 960 ‚
1087 908 1146 945 ut
1168 890 1231 947 ad
1253 895 1570 970 asperfionem
1595 895 1651 950 in
1668 896 1910 956 Paschate
1926 945 1940 968 ‚
1956 906 2011 956 δέ
2025 921 2131 979 pu-

148 968 450 1028 rificatione
466 967 693 1050 leprosi,
721 990 879 1051 atque
905 969 1032 1028 alibi
1049 1015 1064 1040 ,
1078 969 1361 1046 fasciculus
1388 971 1491 1029 five
1516 973 1853 1055 aspergillum
1877 978 2126 1039 adhibea-

146 1065 233 1106 tur
271 1072 334 1108 ex
372 1052 530 1110 cedro
556 1059 611 1109 &
647 1053 855 1136 hyssopo,
901 1051 995 1108 filo
1034 1054 1291 1109 coccineo
1329 1052 1619 1112 devinctis„
1652 1056 1963 1117 confectum
1990 1106 2005 1131 ,
2063 1064 2121 1120 in
2205 1058 2209 1061 ’

147 1150 388 1188 mentem
425 1151 552 1189 tunc
584 1133 743 1189 nobis
771 1151 1053 1189 revocetur
1076 1177 1091 1201 ‚
1137 1133 1286 1212 quod
1311 1137 1688 1213 AEgyptiorum
1717 1135 2005 1198 sacerdotes
2028 1164 2124 1220 pa*

144 1233 272 1267 nem
296 1235 411 1269 non
436 1212 534 1269 nisi
560 1235 683 1269 cum
706 1212 883 1295 hJffOFO
911 1212 1185 1270 concisum
1213 1216 1576 1286 comederint,
1614 1216 1851 1301 bzfflpum
1877 1228 2011 1277 enim
2036 1230 2124 1279 ni—

140 1297 304 1346 miam
328 1299 486 1372 panis
520 1300 767 1348 virtutem
792 1313 1030 1373 purgare.
1120 1296 1334 1351 Scilicet
1357 1296 1412 1352 id
1438 1296 1715 1353 Chaeremon
1740 1300 1957 1358 testatur
1980 1304 2119 1381 apud

137 1369 496 1451 Porphyrinm3
514 1374 607 1449 qui
634 1371 767 1449 quid
791 1375 1169 1449 AEgyptiorum
1195 1375 1500 1432 Sacerdotes
1526 1382 1694 1456 Mofis
1719 1401 1830 1436 aevo
1861 1381 2117 1455 fecerint,

138 1447 471 1508 tantumdem
496 1450 691 1508 sciebat
716 1469 980 1530 quantum
1005 1453 1100 1529 qui
1127 1449 1291 1507 hodie
1319 1455 1430 1509 nati
1457 1453 1593 1511 sunt.
1683 1460 1784 1515 Sed
1809 1459 2036 1522 fecerint
2061 1467 2117 1524 id

138 1534 377 1610 AEgyptii
404 1551 646 1612 tempore
671 1535 876 1611 stdofis:
924 1530 1057 1612 quid
1072 1536 1206 1614 pani
1229 1553 1354 1588 cum
1378 1532 1675 1616 aspergillo?

217 1617 311 1670 XI.
358 1618 550 1694 Longe
590 1617 800 1688 majoris
836 1615 1107 1685 momenti
1145 1614 1231 1669 illa
1252 1612 1314 1689 fii
1352 1618 1510 1670 ientia
1545 1614 1619 1672 est
1652 1639 1812 1695 quam
1840 1618 1993 1699 super
2017 1624 2112 1684 hac

134 1714 190 1750 re
214 1695 402 1765 Deum
428 1693 525 1750 fibi
547 1701 602 1751 in
626 1697 815 1750 occulto
834 1697 1114 1777 patefecisse
1134 1695 1280 1750 Davi
1341 1697 1601 1773 gloriatur
1624 1696 1705 1755 Ps.
1726 1719 1822 1756 LI.
1842 1704 1892 1758 8.
1909 1725 1963 1776 9·
1993 1709 2113 1763 Ha-

132 1773 226 1830 bet
249 1776 553 1832 caerimonia
576 1772 669 1830 ista
693 1774 1027 1852 mysterium,
1065 1773 1130 1832 ad
1153 1780 1298 1850 cujus
1323 1775 1772 1855 significationem
1795 1781 1871 1839 est
1894 1784 2110 1844 institu-

131 1873 184 1911 ta
208 1874 405 1935 quanta
431 1877 627 1934 quanta
652 1853 741 1911 est.
807 1859 976 1939 Lepra
997 1852 1303 1934 spurcitiem
1320 1864 1523 1939 peccati
1546 1878 1700 1917 notat
1725 1905 1741 1932 ‚
1787 1885 1892 1941 qua
1917 1865 2106 1926 misere

129 1935 371 1993 inficitur
393 1938 581 1993 anima.
639 1934 937 2013 Purificatio
961 1938 1117 2014 leprae
1146 1980 1160 2006 ‚
1199 1943 1402 2019 peccati
1424 1940 1778 2016 remiffionem,
1824 1951 1879 2001 &
1906 1953 2103 2006 mentis

114 2017 586 2093 sancflificationem.
631 2017 861 2072 Materia
882 2015 1190 2093 aspersionis
1215 2015 1319 2074 fuit
1333 2017 1546 2097 sanguis
1572 2025 1626 2076 &
1651 2044 1787 2101 aqua
1811 2032 1961 2083 viva.
2011 2030 2105 2087 U-

125 2095 362 2178 triusque
388 2098 800 2176 implementum
824 2099 883 2153 in
911 2094 1130 2153 Christo
1155 2096 1229 2153 est
1256 2104 1373 2176 :qui
1396 2105 1542 2155 venit
1556 2118 1651 2182 per
1671 2125 1861 2182 aquam
1886 2110 2101 2184 &fim-

115 2185 359 2258 guinem:
385 2201 482 2235 non
506 2195 706 2234 tantum
720 2197 813 2260 per
838 2200 1058 2258 aquam,
1088 2177 1180 2255 sed
1206 2190 1284 2235 (9⁰
1303 2198 1396 2261 per
1405 2178 1722 2259 sanguinem.
1759 2204 1779 2238 1
1810 2185 1934 2264 Joh.
1963 2210 2010 2245 v.
2042 2200 2096 2247 6.

125 2265 382 2339 Qorum
417 2261 504 2316 illa
539 2257 741 2335 Christi
777 2265 1029 2342 Spiritum
1053 2304 1069 2329 ‚
1103 2256 1200 2317 hic
1225 2264 1339 2315 vim
1349 2258 1723 2336 fhti‘sfaflionis
1747 2269 1801 2319 ἅτ
1825 2270 2005 2325 meriti
2030 2270 2097 2328 si—

74 2357 80 2363 “
121 2338 378 2418 gnificare
401 2337 630 2418 poffunt.
677 2340 907 2423 Asperfio
933 2339 1127 2420 figurat
1151 2346 1534 2422 imputationem
1544 2341 1750 2422 justitia
1779 2345 1991 2424 Christi,
2038 2357 2094 2409 ὃς

121 2423 536 2500 applicationem
571 2423 888 2479 meritorum
913 2428 1038 2498 ejus.
1126 2424 1476 2504 Aspergillum
1498 2419 1605 2479 fine
1633 2422 1802 2480 dubio
1829 2425 2094 2506 fignifica-

119 2506 273 2563 tione
306 2500 395 2558 sua
428 2522 544 2558 non
578 2504 760 2559 caruit.
829 2507 966 2562 Sunt
996 2504 1123 2563 Viri
1162 2504 1308 2561 doeh
1345 2504 1441 2582 qui
1465 2506 1763 2583 tergemina
1786 2512 2003 2567 materia
2028 2534 2092 2570 ex

119 2606 228 2665 qua
251 2581 551 2651 constabat,
596 2581 769 2652 cedro,
811 2582 988 2668 hyssbpo
1002 2589 1019 2656 3
1062 2590 1259 2640 coccino
1285 2581 1387 2640 five
1412 2605 1672 2663 purpura,
1717 2586 2089 2651 adumbratum

121 2661 452 2734 existimant,
489 2663 766 2721 voluntate
789 2669 994 2735 Patris,
1018 2669 1154 2724 Filii
1178 2671 1232 2722 &
1257 2669 1479 2803 {imm
1502 2667 1678 2722 Sanfli
1690 2667 1810 2724 -dari
1837 2672 2088 2732 commu-

116 2749 345 2805 nionem
377 2745 555 2802 meriti
590 2748 646 2801 δε
683 2746 870 2802 mortis
907 2744 1108 2804 Christi
1132 2746 1272 2821 adju
1324 2748 1473 2804 itiam
1498 2751 1553 2802 ὃς
1577 2749 1757 2804 vitam.
1828 2749 1981 2807 Cedri
2003 2776 2086 2811 ar-

114 2826 220 2886 bor
253 2830 312 2885 in
347 2826 462 2883 altis
499 2824 779 2882 montibus
814 2826 960 2883 &in
986 2833 1116 2907 jugo
1141 2826 1335 2885 Libani
1357 2871 1373 2896 ‚
1417 2847 1635 2905 procera
1662 2871 1677 2896 ‚
1722 2828 1851 2886 dura
1874 2875 1889 2898 ,
1932 2835 2083 2892 viva-

112 2907 340 2978 ciffima,
384 2904 587 2985 potest,
631 2909 916 2986 inquiunt,
953 2905 1246 2986 ‘significare
1269 2913 1479 2964 Patrem
1505 2929 1522 2963 .·
1561 2910 1831 2991 Hyffivpus,
1857 2933 2081 2991 germen

112 2990 316 3049 humile
338 3032 356 3057 ,
400 2986 550 3066 quod
571 2986 799 3045 nascitur
820 2989 877 3044 in
900 2987 1189 3065 parietibus
1212 3032 1230 3058 ,
1281 3008 1303 3044 1
1323 2990 1463 3066 Reg.
1499 3007 1579 3044 1v.
1615 3009 1701 3067 33.
1787 2994 1960 3050 Deum
1981 3002 2081 3053 Fi-

109 3075 269 3145 lium,
309 3066 589 3129 Christum
612 3067 925 3140 hominem,
949 3066 1212 3126 humilem
1235 3074 1288 3125 &
1315 3066 1563 3150 spretum.
1609 3074 1844 3152 Purpura
1867 3073 2084 3156 sangui-

1162 3154 1206 3208 P
1254 3172 1278 3226 3
2000 3161 2083 3217 nis
