2539 3612
382 131 495 191 282
907 127 1885 185 AEGYPTlAcoRuM

379 230 644 294 Suadebat
674 233 853 310 itaque
877 226 1191 295 Prudentia,
1233 240 1295 282 ut
1316 223 1448 279 ritus
1473 241 1588 279 non
1611 219 1766 298 pauci
1790 261 1806 287 ‚
1850 235 1989 297 quos
2011 213 2205 274 vicinis
2229 237 2366 298 gen.

381 314 527 374 tibus
549 312 764 371 usitatos
789 307 888 367 esse
926 305 1182 366 videbant
1213 349 1232 376 ‚
1284 300 1528 383 quosque
1563 301 1719 358 Deus
1757 303 1980 382 ineptias
2022 313 2170 354 norat
2202 306 2375 379 magis

378 394 667 454 tolerabiles
689 437 715 462 ‚-
762 389 851 448 sed
877 386 1145 447 immutati
1176 385 1483 465 paululum,
1537 388 1593 439 &
1620 380 1685 439 ad
1711 377 2080 460 augustiorum
2104 377 2373 458 significa⁴

377 479 589 534 tionem
613 471 986 552 mysteriorum
1009 468 1235 527 traduffl
1261 512 1278 538 ‚
1334 466 1437 522 illis
1462 464 1596 520 relin
1638 479 1893 519 uerentur
1914 504 1933 530 ‚
1982 481 2051 516 ne
2085 461 2253 517 nimia
2278 483 2374 521 eos

379 555 637 615 novitatis
672 553 869 632 species
907 548 1221 609 offenderet.
1306 546 1474 602 Nova
1499 485 1721 624 quidem
1746 539 2072 599 instituenda
2105 559 2213 614 erg
2235 540 2376 600 Res.

378 635 623 715 publica,
667 633 755 692 sed
780 632 845 691 acl
871 633 988 690 eam
1016 626 1286 688 alliciendi
1309 627 1475 685 animi
1501 645 1596 704 per
1620 621 1930 681 umbratiles
1955 622 2153 700 aliquas
2178 625 2373 681 veteris

379 718 645 790 reliquia&
731 715 947 772 Scilicet
983 735 1045 769 ex
1087 712 1341 769 Politices
1378 702 1679 764 cautiffimae
1716 720 1983 783 praecepto
2020 726 2034 760 ι
2092 706 2377 762 Arcanum

382 792 714 874 r-·:2isiliztns‚
761 801 928 873 imago
954 797 1174 871 antiqui.
1262 787 1495 847 Accedit
1520 831 1536 857 ,
1598 785 1749 866 quod
1774 781 2121 846 Reformatio
2150 828 2165 853 ,
2212 807 2375 864 quam

383 876 704 933 moliebatur
727 879 880 932 Deus
897 915 916 948 3
958 868 1237 951 nunquam
1262 870 1471 929 felicius
1495 865 1779 947 procedat,
1823 887 1987 944 quam
2010 863 2047 921 fi
2074 863 2380 924 instituatur

382 957 643 1037 gradiz-3111
667 1002 683 1026 ‚
738 977 855 1013 non
880 956 1127 1035 protinus
1153 951 1395 1011 tollendo
1432 945 1695 1030 quiequid
1718 966 1782 1000 ex
1806 945 1903 1001 usu
1926 946 2096 1003 veteri
2119 943 2192 1001 est
2215 991 2232 1016 ,
2289 944 2380 1005 sed

380 1039 662 1096 tolerando
701 1035 963 1117 quicquid
998 1033 1286 1093 commode
1332 1032 1548 1090 tolerari
1591 1023 1783 1106 potest.
1867 1025 2131 1102 Denique
2171 1026 2269 1083 nisi
2304 1029 2379 1085 ita

383 1117 687 1177 instituifilet
709 1123 864 1176 Deus
885 1163 902 1188 ‚
957 1136 1130 1173 metus
1168 1133 1277 1171 erat
1304 1158 1320 1183 ‚
1376 1132 1443 1168 ne
1468 1109 1701 1188 populus
1737 1103 2045 1164 Israeliticus
2082 1109 2381 1165 vanitatum

383 1220 628 1259 veterum
652 1202 767 1256 zelo
792 1218 969 1277 raptus
997 1243 1013 1267 ‚
1066 1197 1328 1252 Daemoni
1361 1212 1455 1270 per
1483 1210 1576 1246 eos
1603 1189 1810 1244 cultum
1845 1183 2048 1244 deferre
2083 1189 2245 1245 vellet
2268 1231 2283 1258 ,
2338 1188 2378 1246 fi

382 1283 563 1340 minus
585 1283 714 1339 Deo
741 1279 979 1338 licuiffet.
1051 1277 1155 1334 Sed
1180 1281 1233 1331 &
1260 1270 1506 1330 Gentibus
1529 1266 1799 1326 consuluit
1819 1269 1972 1324 Deus
1996 1265 2092 1322 hac
2121 1269 2379 1347 antiquo-

381 1384 504 1419 rum
526 1364 730 1420 rituum
753 1362 1058 1419 retentione
1093 1382 1105 1414 :
1162 1359 1364 1435 quippe
1400 1371 1635 1431 quorum
1674 1345 1959 1405 consensus
1996 1347 2188 1428 aliquis
2224 1367 2377 1428 aptus

382 1462 536 1502 natus
561 1461 672 1501 erat
706 1439 970 1521 propensa
1009 1439 1324 1495 Gentilium
1363 1435 1419 1490 in
1457 1430 1671 1512 Judaeos
1710 1449 2009 1508 eorumque
2049 1430 2375 1509 religionem

382 1522 553 1583 studia
574 1523 777 1581 fovere.

471 1611 551 1662 ΙΙ.
606 1609 817 1663 Verum
863 1603 1140 1659 enimvero
1177 1614 1648 1676 quantamcunque
1693 1591 1803 1646 haec
1857 1589 2028 1647 civilis
2077 1591 2380 1650 Prudentiae

384 1683 616 1764 speciem
638 1685 894 1752 habeant,
938 1700 1124 1760 praeter
1145 1679 1260 1734 Dei
1287 1675 1510 1732 verbum
1535 1671 1725 1729 cuneta
1753 1669 2032 1738 dicuntur,
2078 1675 2134 1726 &
2158 1669 2381 1730 humani

387 1785 696 1824 commenta
729 1765 850 1821 sunt
886 1762 1096 1841 ingenii
1121 1804 1137 1830 ‚
1192 1757 1391 1814 Divini
1419 1753 1659 1812 numinis
1696 1749 1971 1826 Majestate
1997 1749 2126 1808 haut
2148 1750 2266 1809 satis
2295 1753 2379 1812 di-

385 1868 508 1925 gna.
596 1848 883 1903 Nimirum
930 1843 1070 1899 cauti
1105 1841 1315 1918 catique
1365 1838 1424 1893 in
1458 1834 1634 1892 seculo
1674 1834 1922 1890 mortales
1964 1834 2152 1890 Deum
2189 1855 2253 1891 ex
2292 1832 2382 1893 sua

387 1929 691 1984 metiuntur
726 1925 911 1983 indole
951 1948 964 1980 t
1033 1918 1344 2000 arcanasque
1383 1914 1681 1997 imperandi
1720 1931 1853 1971 artes
1888 1957 1904 1983 ‚
1961 1918 2018 1969 ἅς
2052 1913 2380 1974 vaframento„

386 2010 774 2076 Politicorum,
819 2027 935 2085 quae
959 2008 1048 2063 vix
1073 2023 1210 2060 terra
1233 1999 1430 2080 probet
1456 2042 1473 2067 ‚
1527 1996 1669 2053 coelo
1692 1995 1890 2051 locant.
1979 1995 2143 2074 Qafi
2167 2018 2294 2054 vero
2320 1999 2380 2055 in

386 2091 596 2168 populo
634 2089 732 2147 fibi
758 2082 1045 2145 formando
1085 2079 1461 2157 firmandoque
1498 2079 1565 2135 iis
1587 2074 1909 2133 astutiarum
1946 2075 2264 2156 ambagibus
2290 2080 2379 2136 in-

386 2169 568 2249 digeat
594 2174 636 2227 is
666 2215 681 2241 ‚
737 2171 834 2248 qui
855 2212 872 2238 ,
929 2167 1238 2223 mortalium
1267 2159 1427 2218 corda
1455 2162 1514 2217 in
1542 2179 1705 2215 manu
1731 2155 1819 2213 sua
1844 2155 2046 2213 habens
2062 2187 2078 2226 ‚-
2131 2179 2191 2213 ea
2214 2179 2383 2238 quor-

385 2248 500 2307 sum
526 2254 641 2308 vult
667 2250 851 2306 flectit.
921 2248 1062 2303 Non
1091 2265 1235 2323 nego
1267 2240 1521 2320 equidem
1543 2242 1732 2296 Deum
1756 2259 1880 2295 cum
1901 2236 2248 2305 hominibUS‚
2297 2241 2380 2297 uti

388 2351 512 2388 cum
539 2333 786 2388 creaturis
818 2326 1166 2386 rationalibus
1191 2368 1207 2394 ‚
1263 2340 1543 2404 agentem,
1585 2321 1763 2378 media
1786 2318 2037 2376 adhibere
2074 2321 2138 2375 iis
2165 2318 2377 2399 persua-

391 2411 577 2469 dendis
604 2412 798 2469 idonea
815 2455 830 2479 ‚
886 2411 1050 2487 inque
1075 2428 1265 2464 eorum
1293 2402 1598 2461 mediorum
1627 2402 1834 2459 delectu
1860 2397 2171 2479 sapientiam
2198 2401 2380 2460 osten—

394 2491 515 2548 dere
540 2491 748 2569 prorsus
774 2488 1155 2549 admirabilem.
1225 2489 1486 2543 Attamen
1508 2487 1623 2541 Dei
1660 2479 1971 2540 sanetiffima
2007 2480 2099 2537 ista
2122 2479 2376 2559 sapientia

395 2593 520 2629 cum
552 2576 908 2631 politicorum
946 2567 1140 2626 astibus
1177 2589 1234 2626 ac
1268 2564 1479 2626 vafritie
1523 2566 1818 2646 comparari
1856 2562 1964 2621 fine
2002 2561 2199 2641 insigni
2236 2565 2378 2632 illius

394 2655 723 2712 contum-elia
746 2675 860 2710 non
886 2649 1076 2731 potest.

476 2741 595 2792 ΙΙΙ.
652 2736 759 2792 Uti
793 2754 971 2790 revera
1008 2753 1206 2790 novam
1240 2728 1561 2788 moliebatur
1581 2726 1998 2806 Rempublicam
2025 2768 2041 2795 ‚
2096 2727 2169 2783 ita
2192 2731 2247 2784 &
2270 2746 2376 2787 no-

394 2839 555 2887 vam,
612 2818 780 2895 qualis
809 2833 918 2872 erat
943 2858 960 2884 ‚
1023 2813 1194 2872 videri
1232 2834 1348 2870 eam
1394 2811 1635 2869 IsraEIitis
1680 2810 1871 2866 voluit.
1956 2809 2180 2889 Qippe
2228 2816 2374 2885 cujus

393 2897 570 2955 forma
605 2897 707 2956 five
733 2896 929 2976 species
951 2940 967 2966 ‚
1023 2916 1139 2953 non
1167 2916 1231 2951 ex
1254 2896 1456 2952 rituum
1490 2889 1770 2950 ruderibus
1806 2890 2250 2947 Cananiticorum
2285 2910 2380 2950 aut

396 2981 833 3057 AEgyptiacorum
859 2975 1059 3047 efficffl,
1101 2974 1192 3033 sed
1215 2977 1423 3034 coelitus
1447 2973 1562 3032 dela
1602 2971 1680 3043 sa,
1722 2971 1869 3029 Mosi
1891 2973 2127 3051 primum
2150 2973 2209 3029 in
2232 2971 2378 3031 sacro

397 3058 683 3119 monstrata
708 3076 896 3118 monte
924 3076 1033 3118 erat
1059 3102 1077 3130 ‚
1131 3075 1192 3115 ut
1228 3056 1291 3117 ad
1326 3055 1459 3116 illud
1491 2995 1651 3116 infliar
1690 3054 1878 3113 cuneta
1915 3055 1973 3111 in
2012 3050 2192 3112 Israele
2229 3076 2381 3113 com-

2210 3156 2387 3215 Pone=
