2539 3612
326 200 405 259 28
854 186 1848 255 AEGYPT1A00R1'JM

319 301 460 358 bolis
489 319 660 357 unum
682 297 902 378 aliquod
938 296 1159 377 gestanS.
1244 294 1371 353 Post
1397 297 1695 352 Cantorem
1732 294 1977 374 procedit
2000 295 2351 382 Horosbopusj·

18 407 161 451 Matsh.
178 421 272 450 241,
323 384 381 439 in
408 404 571 438 manu
595 380 794 437 habens
819 378 1196 457 horologium&
1212 379 1479 461 palmam,
1525 375 1849 456 Astrologiae
1875 375 2123 456 symbola.
2167 380 2350 439 Dein-

217 449 223 457 ¹
324 484 446 542 ceps
474 461 815 542 progreditur
839 457 1019 515 Scriba
1043 465 1343 527 Sacrorum,
1389 477 1618 542 pennam
1639 456 1840 514 habens
1867 461 1925 516 in
1953 461 2120 537 capite
2136 504 2152 529 ,
2210 465 2264 517 &
2289 464 2351 523 in

324 543 571 600 manibus
598 540 785 598 librum
810 560 867 596 ac
891 542 1151 620 regulam,
1197 543 1255 598 in
1281 562 1386 620 qua
1410 539 1485 596 est
1509 556 1881 610 atramentum,
1943 545 1998 597 &
2015 545 2208 622 juncus
2233 564 2362 620 quo>

327 622 577 680 scribunt.
665 624 834 678 Hunc
859 618 1096 700 sequitur
1111 622 1362 699 Stolistes,
1419 619 1642 677 cubitum
1653 620 1860 701 justitia
1885 639 2102 691 tentem,
2147 626 2354 681 &cali-

326 726 431 761 cem
476 704 538 761 ad
572 701 865 759 libandum.
953 701 1080 759 Post
1117 723 1306 758 omnes
1340 701 1523 780 prodit
1558 701 1807 783 Propheta
1833 746 1849 772 ,
1904 701 2140 781 hydriam
2175 724 2352 781 aperte

327 805 516 864 gerens
553 785 612 840 in
647 782 776 840 finti.
873 783 1014 840 Non
1052 781 1311 840 dissimilis
1359 780 1465 839 fuit
1512 780 1857 839 Sacerdotum
1904 782 2044 862 apud
2090 781 2362 858 Hebraeos„

327 865 481 922 ordo.
572 866 850 921 Aaronicae
889 862 1100 920 familiae
1140 861 1479 931 commissum
1515 862 1589 919 est
1624 865 1738 920 Dei
1776 863 1909 942 Opt.
1939 866 2084 921 Max.
2114 863 2362 939 sacerdo-

328 951 487 1014 tium,
533 950 737 1002 Levitis
763 946 959 1001 eaeteris
984 944 1320 1022 ministerium
1346 942 1575 1014 sacrum,
1619 962 1874 1024 perpetua
1883 944 2193 1022 succeffionis
2209 943 2357 1005 serie.

333 1029 528 1082 Aaron
555 1023 661 1103 ipse
686 1024 1014 1081 Sacerdotum
1034 1031 1270 1109 princeps
1297 1043 1419 1082 erat.
1505 1028 1562 1081 A
1586 1022 1731 1082 binis
1756 1028 1990 1083 Aaronis
2016 1024 2170 1096 filiis,
2215 1025 2357 1086 binae

336 1103 557 1163 fuerunt
603 1104 814 1162 familiae
862 1103 1202 1163 sacerdotales
1229 1106 1255 1176 ,’
1301 1105 1744 1168 Eleazaridarum
1789 1111 1845 1162 &
1890 1106 2356 1166 Ithamaridarum.

332 1184 517 1244 Moses
543 1186 765 1266 singulas
792 1188 849 1243 in
882 1207 948 1244 IV
971 1188 1166 1260 clrffis,
1211 1190 1295 1244 vel
1320 1207 1382 1244 ut
1416 1189 1505 1244 alii
1532 1187 1828 1243 traduntin
1851 1206 1981 1253 vm,
2027 1187 2248 1244 divisisse
2277 1190 2362 1247 di-

335 1269 504 1325 citur:
549 1268 730 1325 David
755 1285 894 1324 certe
921 1266 1201 1324 constituit
1227 1270 1391 1342 claſjes
1407 1270 1464 1324 in
1488 1263 1797 1323 universum
1820 1285 1979 1323 xxlv.
2003 1285 2025 1321 1
2050 1264 2180 1322 Chr.
2197 1289 2360 1327 XXIV:

335 1370 389 1426 4.
437 1347 531 1404 Ab
559 1348 752 1405 eodem
776 1347 1008 1406 instituti
1031 1345 1152 1406 sunt
1177 1352 1368 1405 Levita
1395 1347 1703 1423 ἐργοδιῶιίίοιι
1718 1389 1735 1415 ,
1795 1348 1852 1402 in
1878 1344 2236 1405 ministerium
2261 1349 2371 1407 do*

337 1450 453 1485 mus
490 1427 755 1498 Domini,
812 1429 1116 1503 ΓρειμμοιἾεῖς
1147 1432 1229 1484 καὶ
1262 1429 1451 1504 Kedoi),
1504 1425 1684 1483 Scriba
1719 1430 1775 1481 &
1797 1426 2032 1507 judices,
2072 1431 2358 1507 janitores,

340 1515 393 1566 &
420 1510 596 1586 Psalta
621 1527 854 1582 canentes
879 1513 1105 1565 Domino
1132 1514 1186 1565 in
1211 1510 1454 1587 Organis.
1519 1527 1543 1563 1
1579 1506 1710 1564 Chr.
1727 1527 1825 1563 xxl
1846 1528 1867 1563 1
1886 1528 1932 1565 1:
1949 1529 2005 1584 4.

426 1595 575 1648 XIII.
621 1591 762 1646 Non
787 1587 956 1669 poffet
980 1587 1067 1645 hic
1094 1588 1200 1646 fine
1225 1590 1436 1669 piaculo
1462 1590 1647 1646 omitti
1685 1592 1765 1645 Su
1780 1608 1829 1647 M
1846 1609 1929 1648 Ml
1969 1593 1999 1646 S
2016 1610 2058 1649 A
2075 1608 2162 1649 (ΞΕ
2179 1611 2221 1649 R
2237 1611 2279 1651 D
2295 1613 2362 1651 o-

346 1690 458 1729 TIS
517 1670 1007 1730 ‘SYMBOLICUS
1071 1690 1438 1731 ORNATus.
1537 1673 1627 1726 De
1676 1692 1787 1750 quo
1838 1674 1896 1727 in
1941 1668 2085 1727 hunc
2134 1674 2362 1734 modum

46 1776 146 1818 ffist,
171 1783 253 1820 var.
346 1754 586 1808 AElianus
603 1773 620 1807 .·
676 1752 846 1834 Apud
870 1758 1130 1834 AEgyptios
1155 1774 1189 1808 a
1206 1759 1384 1836 prima
1406 1758 1725 1832 antiquitate
1748 1758 1836 1830 qui
1846 1749 2156 1831 judicabant
2181 1759 2365 1813 Sacer-

44 1829 113 1918 {b‘
139 1843 234 1874 ’‘W·
258 1847 294 1874 ⁰·
348 1831 487 1888 dotes
512 1851 672 1889 erant.
758 1825 1202 1915 Eorum‘princeps
1216 1837 1330 1911 fuit
1351 1839 1440 1912 qui
1476 1850 1667 1887 cateros
1691 1847 1829 1889 aetate
1852 1830 2094 1889 anteibat.
2182 1837 2285 1892 Ille
2308 1841 2365 1892 in

74 1894 190 1924 xxxv.
352 1935 517 1970 omnes
527 1918 619 1994 jus
641 1914 855 1972 dicebat.
942 1919 1074 1971 Eum
1098 1931 1266 1970 autem
1301 1916 1381 1987 effi·
1414 1911 1665 1996 oportebat
1699 1918 1922 1969 omnium
1933 1912 2259 1992 justissimum
2285 1929 2365 1977 ω’·

342 2012 638 2076 parcentem
682 2002 892 2055 nemini.
977 1994 1192 2052 Gerebat
1225 2011 1394 2050 autem
1428 1993 1492 2050 de
1527 1997 1647 2049 collo
1693 1999 1971 2072 imaginem
1994 2015 2057 2050 ex
2081 1996 2365 2079 Sapphiro‚

355 2098 508 2154 eaque
546 2081 709 2156 imago
763 2085 807 2135 A
831 2092 871 2133 A
888 2090 929 2132 H
953 2087 996 2131 Θ
1012 2091 1046 2132 E
1066 2087 1082 2130 I
1099 2081 1148 2134 A
1191 2079 1245 2133 V
1261 2077 1485 2132 ERIT
1500 2078 1553 2130 A
1573 2077 1603 2129 S
1647 2072 1922 2130 dicebatur.
2013 2080 2200 2155 Qalis
2234 2099 2366 2138 vero

50 2159 133 2203 Iab-
154 2173 187 2200 ῑ·
353 2158 534 2235 imago
561 2156 654 2212 ista
689 2156 877 2229 filerit,
935 2158 1257 2215 luculentius
1290 2157 1515 2234 exponit
1548 2153 1807 2211 Diodorus
1843 2157 2074 2213 Siculus:
2129 2164 2367 2218 Summus

349 2237 507 2308 judex
532 2236 765 2314 gestabat
789 2246 845 2294 in
882 2241 1010 2294 collo
1047 2260 1110 2291 ex
1135 2258 1291 2292 aurea
1324 2240 1504 2292 catena
1532 2235 1757 2318 pendens
1783 2257 1807 2290 e
1830 2239 2033 2320 lapillis
2048 2243 2365 2322 pretiofisst-

337 2308 662 2386 'rieul-cccrum,
718 2325 802 2373 cui
835 2319 1018 2376 VER.
1039 2319 1194 2372 ITA
1215 2320 1245 2372 S
1284 2338 1477 2373 nomen.
1564 2319 1688 2371 Hoc
1722 2334 1891 2373 autem
1927 2320 2178 2377 Veritatis
2202 2324 2365 2400 stmu-

350 2400 548 2452 lacrum
569 2397 890 2475 judiciorum
916 2403 1149 2481 principi
1195 2413 1458 2479 aptatum,
1512 2401 1697 2476 cauffas
1734 2398 2055 2477 cognoscendi
2087 2401 2365 2486 auspicium

336 2479 466 2552 fuit.
2184 2525 2188 2529 Δ

441 2563 595 2617 XIV.
642 2560 874 2618 Attendi
899 2578 1158 2631 meretur,
1203 2581 1456 2641 quantam
1480 2583 1605 2622 cum
1628 2561 1725 2622 hac
1750 2585 1803 2621 re
1829 2563 2187 2624 Hebraeorum
2213 2564 2378 2624 insti--

65 2649 260 2734 {reffero-z
276 2643 336 2680 De
363 2656 477 2696 tuta
502 2643 938 2699 convenientiam
959 2640 1203 2700 habeant.
1286 2649 1349 2701 In
1377 2666 1527 2702 more
1553 2643 1785 2723 positum
1809 2664 1918 2704 erat
1943 2648 2203 2726 AEgyptiis
2226 2653 2383 2704 Pon--

63 2702 262 2791 ῌζζᾷἶζ
281 2758 338 2786 Π,
365 2720 551 2798 tificem
575 2721 727 2779 suum
762 2721 937 2780 litibus
970 2723 1210 2802 pluribus
1247 2721 1594 2806 disceptandis
1621 2728 1891 2809 praeficere:
1949 2727 2170 2785 Hebraei
2205 2732 2381 2787 etiam·-

67 2801 260 2841 ‘ffl-XU·
365 2823 515 2858 more
541 2809 596 2859 &
620 2805 737 2883 lege
774 2804 1038 2862 consimili
1071 2805 1405 2863 tenebantur.
1493 2810 1707 2865 Loci&
1741 2807 1974 2888 personae
2011 2807 2108 2865 suae
2133 2808 2384 2890 dignita--v

368 2902 479 2938 tem
516 2887 573 2941 in
609 2883 895 2962 conspeetu
942 2888 1132 2965 populi
1181 2904 1360 2943 ornatu
1393 2888 1657 2969 splendido
1693 2896 1748 2947 &
1784 2891 2013 2968 eleganti
2058 2889 2367 2948 adserebant

368 2967 635 3042 AEgyptii:
681 2965 1010 3023 nec-Hebraei
1032 2968 1217 3044 pietati
1242 2970 1602 3046 &prudentiae
1624 2973 1780 3031 fimili
1804 2968 2034 3029 defuere.
2122 2973 2368 3046 Bullam‚

370 3041 644 3121 splendore
669 3051 722 3102 &
750 3049 908 3104 titulo
943 3046 1163 3126 mystico
1189 3052 1454 3111 Ἀληθείας
1490 3054 1782 3125 celebrem,
1838 3054 1888 3108 ei
1925 3055 1982 3109 in
2018 3054 2252 3111 muneris
2289 3051 2371 3113 sui

371 3124 606 3183 tesseram
630 3128 975 3187 decreverunt
999 3132 1261 3208 AEgyptii:
1305 3131 1663 3196 Hebraeorum
1687 3140 1847 3195 etiam
1871 3134 2123 3192 Pontifex
2147 3132 2369 3207 bullam,

370 3206 588 3284 mystico
626 3211 680 3265 T
699 3212 756 3266 H
771 3206 911 3274 UM
926 3213 991 3269 Μ
1008 3217 1030 3268 Ι
1047 3213 1112 3269 Μ
1163 3214 1320 3271 titulo
1344 3261 1361 3289 ‚
1430 3224 1563 3298 (pro
1600 3241 1712 3299 quo
1749 3219 1999 3299 AEgyptii
2046 3223 2368 3297 Interpretes

2222 3296 2391 3366 Ἀλέᾳ..
