2539 3612
259 158 448 220 ⁴¹54
901 135 1881 196 AEGYPTIAco-RUM

373 249 424 298 ri
447 269 463 314 3
522 261 611 298 nos
643 249 812 299 autem
845 250 1036 298 terram
1056 241 1292 316 fertilem
1330 238 1602 301 incolentes
1638 243 1695 293 in
1729 243 1831 320 ejus
1865 238 2068 294 cultura
2090 237 2390 301 laboramus.

373 328 617 380 Praeterea
641 345 793 402 quum
805 324 874 401 fit
895 319 1027 376 nobis
1042 324 1255 402 propria
1277 317 1499 374 vivendi
1521 322 1654 375 ratio
1670 362 1686 388 ‚
1714 318 1853 376 nihil
1876 316 2018 375 nohis
2027 321 2143 398 fuit
2166 327 2395 401 antiquis

375 403 674 487 temporibus
699 403 829 481 quod
851 400 991 457 nobis
1017 398 1444 474 converfhtionem
1455 401 1658 477 faceret
1680 420 1794 456 cum
1820 406 2024 457 Graecis.
2069 404 2201 459 Sane
2223 402 2396 480 Judaei

378 505 442 540 cx
478 486 691 542 decreto
730 481 1030 560 sapientum
1045 482 1267 560 gentiles
1293 502 1459 537 omnes
1474 499 1569 564 pro
1597 480 1873 538 immundis
1895 479 2164 539 habebant
2190 526 2206 552 ‚
2261 482 2395 540 adeo

377 584 438 621 ut
461 587 523 620 ex
548 586 736 620 eorum
763 563 1013 619 contactu
1039 560 1440 620 contraheretur
1464 562 1848 620 immunditieS.
1935 564 2007 619 Iis
2033 564 2128 642 qui
2153 561 2397 621 moribus

378 663 553 712 erant,
591 666 706 700 non
734 643 789 700 id
812 662 952 701 certe
978 642 1240 701 dederunt
1263 664 1484 721 operam
1513 660 1574 700 ut
1599 641 1839 701 instituta
1861 642 1949 701 sua
1974 645 2035 700 in
2060 644 2182 701 alias
2206 662 2396 724 gentes

372 743 740 804 propagarent.
2408 795 2410 798 .

454 809 547 861 XI.
594 810 675 862 At
700 805 823 862 dato
847 827 1008 884 quarn
1035 809 1264 865 maxime
1291 804 1346 864 id
1370 829 1462 864 eos
1484 808 1712 880 voZuiffi,
1738 828 1855 864 non
1880 804 1955 862 est
1980 823 2160 864 tamen
2182 823 2245 862 ut
2268 805 2397 864 effe-

371 886 518 942 ctum
553 885 672 943 dare
699 891 973 968 potuerint.
1061 887 1224 946 Adeo
1261 885 1451 961 abjecti
1487 892 1541 944 &
1568 886 1968 944 contemtibiles
1993 889 2222 944 aliorum
2247 905 2398 945 erant

371 966 572 1039 judicio
598 968 943 1045 populorum.
990 971 1254 1045 Qamvis
1277 971 1392 1026 Dei
1416 966 1619 1026 fuerint
1643 969 1944 1046 peculium,
1957 973 2191 1046 gentium
2216 986 2396 1026 tamen

76 1091 300 1129 mmmm,
363 1046 534 1122 sordes
562 1060 639 1104 (9⁰
663 1047 1016 1128 rejeflamenta
1039 1046 1213 1106 habiti
1237 1047 1403 1106 fuere.
1445 1051 1561 1128 Qi
1586 1048 1751 1128 usque
1776 1048 1908 1107 adeo
1934 1069 2124 1106 corum
2149 1046 2397 1126 personas-

82 1124 142 1178 13‘.
157 1134 243 1174 ik&
259 1131 301 1174 iu
317 1150 348 1174 ¹-
375 1133 429 1184 δε
466 1126 601 1184 sacra
625 1127 782 1185 nihili
803 1126 1104 1186 habuerunt
1127 1175 1143 1200 ‚
1198 1149 1260 1188 ut
1282 1132 1576 1208 plurimum
1600 1128 1809 1185 laboret
1831 1131 2105 1186 annalium
2129 1128 2398 1187 Ethnico-

371 1230 494 1265 rum
531 1207 660 1266 fides
695 1228 757 1265 ut
790 1208 1028 1265 Israelitae
1067 1213 1150 1267 vel
1188 1209 1340 1268 fuisse
1365 1208 1660 1265 credantur.
1748 1207 2058 1286 Judaeorum
2081 1206 2315 1286 personae
2340 1215 2399 1267 δε

370 1310 574 1345 amores
609 1291 842 1346 anomali
874 1292 1007 1363 jocis
1042 1295 1097 1346 δε
1136 1289 1407 1348 cachinnis
1441 1289 1582 1368 apud
1605 1306 1793 1368 gentes
1818 1286 1991 1344 ansam
2016 1287 2396 1365 praebuerunt:

374 1368 516 1447 quasi
540 1371 804 1448 populum
832 1371 984 1426 illum
1006 1392 1105 1448 pro
1131 1388 1235 1427 cote
1253 1381 1462 1425 'tantum
1486 1373 1681 1446 ingenii
1692 1366 1893 1450 publici
1913 1366 2225 1425 habuissent.
2264 1371 2396 1428 Un-

375 1447 439 1506 de
466 1450 689 1507 conficit
713 1448 1067 1506 Dofflffimus
1093 1457 1390 1532 Spmwrm,
1428 1469 1558 1505 vero
1584 1447 1793 1527 prorsus
1819 1446 2063 1505 diffimile
2089 1446 2217 1518 effe,
2243 1451 2396 1530 quod

375 1532 644 1609 AEgyptii,
689 1533 776 1587 illa
799 1531 982 1609 gloriae
1007 1532 1278 1600 animalia,
1314 1527 1416 1586 sese
1442 1529 1506 1588 ad
1529 1529 1839 1608 Judaeorum
1862 1549 2037 1586 mores
2063 1549 2394 1608 componere

375 1613 652 1668 voluerint
678 1656 692 1681 ‚
736 1634 875 1691 quos
901 1655 916 1680 ,
949 1614 1219 1690 simiarum
1229 1611 1429 1689 υιἠβῐιῑν,
1473 1609 1546 1667 acl
1567 1611 1719 1687 rifiim
1741 1626 1942 1666 tantum
1965 1608 2271 1668 movendum
2293 1624 2392 1672 mt-

371 1708 475 1761 tos,
519 1712 704 1771 gentes
733 1691 1084 1750 crediderunt.
2375 1708 2378 1711 ’

455 1777 575 1830 XII.
620 1777 821 1854 Qarto
854 1773 979 1830 loco
1017 1772 1124 1852 ipsa
1133 1775 1400 1850 sacrarum
1422 1773 1721 1829 anisioritate
1743 1773 2010 1827 literarum
2032 1813 2048 1840 ‚
2104 1773 2271 1830 veluti
2297 1774 2393 1833 de·-

76 1893 303 1942 Spencmp.
375 1856 617 1910 cretoriis
643 1857 798 1911 armis
813 1899 829 1924 ,
873 1856 999 1913 Viri
1026 1853 1364 1911 eruditiffimi
1387 1870 1646 1932 pugnant.
1691 1849 1978 1930 Nusquam
2002 1850 2225 1929 quidem
2250 1857 2392 1912 Scri-

79 1943 346 1983 nascent-11.
374 1952 529 2012 ptura
552 1932 752 1992 disertis
777 1934 951 1992 verbis
976 1933 1173 2004 asserit,
1188 1937 1449 2013 plurimos
1474 1932 1819 1990 Israelitarum
1842 1934 1972 1989 ritus
1996 1954 2025 1987 a
2048 1929 2206 1989 seculi
2219 1938 2391 1994 mori—-

374 2014 473 2072 bus
496 2017 771 2094 paululum
795 2017 1086 2073 immutatis
1110 2014 1312 2072 fluxiffe
1338 2013 1488 2092 (quid
1512 2018 1647 2069 enim
1670 2012 1734 2068 de
1755 2035 1837 2081 re,
1864 2013 2150 2091 inquiunt,
2177 2036 2278 2093 quae
2300 2039 2390 2081 nee-¹

373 2102 562 2151 minem
583 2115 702 2152 time
725 2101 952 2178 temporis
976 2099 1133 2154 latuit
1156 2102 1233 2152 ita
1255 2090 1569 2173 loqueretur?
1585 2099 1607 2165 )
1633 2097 1895 2150 Attamen
1923 2115 2037 2150 non
2062 2095 2197 2150 male
2211 2095 2267 2153 id
2280 2100 2392 2155 col-

371 2178 470 2256 ligi
497 2199 558 2232 ex
584 2176 877 2235 Ezechielis
899 2177 1157 2256 vigesimo
1182 2177 1351 2253 capite
1367 2219 1381 2243 ‚
1417 2172 1521 2230 hoc
1546 2171 1655 2230 fere
1680 2174 1847 2230 modo
1873 2192 2117 2253 arguunt.
2161 2173 2275 2246 Ibi,
2302 2181 2390 2237 in·-

375 2261 572 2336 quiunt
599 2301 615 2326 ‚
657 2260 810 2313 Deus
834 2258 1041 2333 populo
1068 2258 1125 2312 in
1149 2256 1468 2312 memoriam
1492 2273 1707 2311 revocat
1731 2254 2088 2311 idololatriam
2113 2256 2259 2312 illam
2283 2281 2388 2337 qua

376 2339 433 2393 in
458 2345 690 2415 AEgypto
714 2337 880 2392 vitam
902 2333 1166 2393 trahentes
1194 2333 1297 2391 sese
1323 2337 1458 2392 olim
1483 2336 1822 2414 polluerunt,
1851 2356 1990 2391 com.
2018 2358 2072 2412 4.
2103 2354 2155 2404 7.
2184 2338 2234 2392 8.
2266 2340 2388 2396 De·-

374 2416 499 2473 inde
535 2423 646 2491 jura
669 2417 755 2471 illa
781 2417 1000 2472 moralia
1023 2462 1038 2486 ,
1096 2439 1211 2498 quae
1235 2414 1475 2473 Israelitis
1512 2420 1757 2496 AEgypto
1783 2437 1953 2494 nuper
1975 2415 2186 2497 egreffis
2210 2417 2389 2490 dedit,

373 2494 487 2553 fuse
526 2499 802 2553 memorat.
840 2495 968 2553 vers.
1007 2519 1091 2555 10.
1128 2519 1149 2553 1
1169 2519 1215 2554 1.
1252 2518 1272 2552 1
1289 2519 1336 2558 2.
1364 2503 1418 2553 &
1443 2496 1594 2577 quod
1616 2500 1815 2554 interea
1838 2498 1946 2553 loci
1969 2496 2155 2554 statuta
2180 2495 2267 2555 sua
2292 2500 2386 2558 dea·

373 2576 593 2656 spicatui
617 2576 926 2647 habuerint3
971 2584 1024 2635 δέ
1049 2579 1113 2637 ad
1136 2582 1266 2637 ritus
1290 2580 1537 2659 gentium
1562 2585 1838 2650 (naturam
1863 2583 1917 2634 δε
1941 2576 2386 2640 consuetudinem

375 2680 564 2715 exuere
591 2658 791 2731 nescii)
818 2659 1086 2718 redierint.
1116 2683 1256 2718 com.
1292 2681 1377 2741 ¹3·
1413 2681 1498 2738 14.
1589 2667 1780 2737 Quum
1806 2661 2013 2738 itaque,
2057 2657 2272 2731 statuta,
2298 2664 2386 2719 inm
2415 2667 2427 2674 ”

375 2742 496 2819 quit
520 2785 535 2808 ,
591 2763 708 2796 mea
731 2784 745 2808 ,
805 2739 984 2795 οἰιώνιοι
1009 2743 1097 2798 illa
1121 2742 1299 2798 δίκαια
1324 2786 1340 2811 ,
1385 2743 1550 2798 vitam
1575 2738 1975 2802 observantibus
1999 2739 2180 2801 datura
2201 2786 2219 2810 ,
2264 2741 2385 2820 post

374 2840 520 2899 terga
544 2820 861 2895 rejecissent,
889 2821 1112 2880 Sabbata
1134 2844 1252 2879 mea
1273 2821 1605 2901 polluissent,
1623 2827 1677 2878 &
1704 2822 1890 2879 oculos
1916 2823 1973 2877 in
1999 2827 2216 2878 Patrum
2241 2822 2385 2881 idola

376 2900 556 2980 saepius
592 2901 840 2960 misissent
864 2947 879 2972 ,
934 2902 1150 2960 tandem'
1174 2948 1189 2973 ,
1244 2902 1388 2983 quali
1421 2906 1611 2982 populi
1642 2901 1878 2984 protervi
1913 2901 2153 2959 moribus
2190 2901 2384 2961 {iaetus

374 2988 429 3039 &
468 2981 712 3062 fatigatus
739 3027 753 3051 ,
811 2982 918 3063 ipse
945 2983 1066 3041 dedi
1093 2987 1156 3041 iis
1171 2984 1367 3064 statuta
1390 3007 1488 3040 non
1513 2985 1641 3042 boma
1663 3029 1702 3055 ,,
1735 2981 2032 3062 &judicia
2046 3001 2141 3063 per
2161 3005 2261 3061 quoe
2283 3005 2385 3039 non

373 3071 624 3120 viverem.
680 3064 799 3121 Ubi
826 3087 919 3144 per
930 3066 1127 3141 statuta
1153 3088 1251 3122 non
1276 3065 1403 3121 bona
1429 3110 1445 3134 ,
1489 3066 1722 3124 viderint
1745 3063 1891 3121 doffl
1915 3086 1981 3120 an
2007 3082 2122 3121 non
2146 3066 2277 3142 leges
2304 3069 2383 3120 ri-

372 3148 532 3202 tuales
569 3146 927 3225 mtelligendae
964 3145 1077 3206 sint.
1177 3148 1327 3206 Nam
1364 3150 1429 3205 iis
1464 3148 1649 3206 titulus
1684 3147 1772 3205 ille
1808 3147 2045 3224 apprime
2085 3146 2381 3214 convenit3

2187 3241 2384 3283 ratione
