2539 3612
420 174 529 237 232
720 151 723 154 ⁴
948 144 1914 211 AEGYPTIACORU'M

2468 139 2472 142 .
2466 16 2474 23 ‚

2524 0 2536 156 ffl--ffl

418 278 530 315 eum
567 258 655 336 qui
683 250 994 338 promiserat.
1051 252 1314 308 Hebs‘u.
1348 270 1435 306 11.
1525 245 1734 308 Omnes
1772 251 2004 329 denique
2043 248 2147 307 huc
2172 241 2402 310 tendunt¹
2438 232 2439 235 Ἴ
2515 272 2537 317 J

419 336 664 416 ambages
692 333 823 400 istae,
848 350 909 388 ut
934 329 1027 387 sub
1053 336 1265 387 Saturni
1287 333 1510 388 nomine
1537 330 1774 389 fabulose
1804 356 1830 389 a
1854 331 2262 389 Sanchuniatone
2286 353 2406 390 nar-—

421 435 592 485 retur,
637 414 787 493 quod
813 411 876 467 de
906 410 1212 467 Abraham
1239 431 1301 466 ex
1325 430 1453 468 vero
1478 413 1692 470 tradunt
1716 411 1861 470 sacrae
1885 413 2061 469 literae.
2082 451 2086 455 -
2124 414 2312 491 Atque
2336 414 2408 469 ita

422 495 691 552 senserunt
715 512 937 570 magnus
962 494 1224 571 Scaliger,
1267 492 1538 562 Seldenus‚
1583 493 1894 561 Bochartus‚
1931 493 2039 548 alii.

113 628 128 664 1
182 627 222 665 M
507 579 633 631 VII.
682 571 784 629 Sed
809 577 861 626 &
890 577 1126 627 Grotium
1151 571 1236 627 hic
1266 572 1435 628 audiri
1459 595 1632 651 operae
1654 577 1886 651 pretium
1914 571 2003 628 est.
2050 578 2100 628 Is
2129 571 2412 651 postquam

115 637 157 716 sii
176 633 321 722 Uim*
425 656 699 731 integrum
746 651 1175 707 Sanchuniatonis
1222 650 1523 709 sermonem
1570 652 1885 729 exhibuisset
1928 655 2000 707 ita
2028 652 2373 731 ‘prosequitur
2398 677 2412 711 :

431 733 636 812 Qibus
659 730 830 788 verbis
854 731 995 787 homo
1019 732 1202 817 Tyrius
1225 735 1400 787 multis
1426 732 1588 788 modis
1600 734 1807 808 sacram
1831 732 2092 811 historiam
2104 732 2417 814 depravans,

426 814 559 891 quod
582 816 698 889 fere
735 810 961 867 omnibus
999 817 1213 891 contigit
1241 833 1340 866 non
1364 812 1558 891 Judaeis
1585 818 1674 892 qui
1697 808 1775 870 res
1800 809 2041 892 Judaicas
2065 811 2419 881 tradiderunt,

425 892 667 949 Israelem
685 914 778 975 pro
804 890 1115 947 Abrahamo
1131 936 1147 961 ,
1190 891 1281 947 hoc
1307 892 1372 969 est
1393 911 1618 975 nepotem
1632 912 1726 974 pro
1750 915 1880 962 avo,
1922 898 2215 949 nominavit
2241 914 2258 949 .·
2299 915 2422 949 eun-

424 973 542 1029 dem
563 973 739 1028 dicens
764 973 843 1045 effe
869 975 1154 1027 Saturnum
1178 1016 1193 1041 ‚
1247 977 1492 1029 nimirum
1516 978 1640 1052 quia
1656 973 1842 1054 posteri
1865 975 1971 1051 ejus
1994 972 2078 1029 die
2105 974 2315 1030 Saturni
2330 973 2422 1049 fe-

400 1052 710 1127 -riabantur.
755 1052 1008 1119 Ἀνωέρὲτ
1035 1069 1212 1108 autem
1237 1095 1253 1121 ‚
1300 1054 1357 1108 ni
1381 1051 1562 1121 fallor,
1606 1072 1789 1111 rviam
1817 1096 1833 1120 ‚
1894 1053 2178 1128 ἐκλεκτῆνἰ
2208 1058 2424 1108 vocavit

429 1138 623 1191 Saram.
674 1138 826 1190 Nam
862 1132 992 1188 Ἰεὲὃ
1020 1152 1115 1216 pro
1156 1136 1294 1188 Ἰεεὶὸ
1321 1131 1569 1188 ἅὶαίεέῖω
1592 1138 1761 1212 magis
1786 1129 1851 1210 est
1875 1152 2029 1211 quam
2057 1137 2306 1216 corruptio
2330 1153 2424 1188 vo-

431 1212 619 1270 cabuli.
903 1219 907 1223 ’

517 1299 671 1351 V111.
716 1290 1006 1350 Intercedit
1029 1301 1210 1350 tamen
1237 1292 1601 1350 Marshamus.
1645 1293 1874 1363 Nimia,
1914 1292 2124 1369 inquit,
2156 1291 2221 1369 est
2242 1290 2436 1368 discre-'

426 1381 635 1459 pantiae.
721 1378 803 1431 At
827 1395 942 1453 quae
966 1371 1116 1430 sodes
1142 1417 1157 1442 ‚
1203 1379 1258 1429 &
1284 1379 1521 1451 quanta?
1560 1371 1929 1449 *Numeremus
1948 1414 1963 1439 ‚
2006 1377 2060 1426 δε
2087 1373 2426 1431 trutinemus,
2478 1378 2482 1382 ’

446 1468 515 1512 1.'
537 1452 708 1512 Scribe
747 1453 896 1511 Israel
921 1498 937 1522 ‚
989 1453 1116 1530 quid
1144 1453 1200 1507 id
1222 1452 1294 1508 ad
1321 1450 1691 1508 Abrahamum
1715 1456 1899 1505 attinet
1925 1495 1940 1519 ‚
1995 1453 2209 1530 quisuit
2232 1451 2428 1511 Israelis

440 1531 614 1593 avus?
677 1554 764 1589 1›1.
791 1533 931 1612 Jeud
968 1533 1181 1589 Saturni
1216 1554 1336 1587 vere
1372 1532 1622 1588 manaim
1653 1530 1721 1607 est
1755 1552 1854 1585 non
1884 1536 2005 1586 item
2031 1531 2243 1588 Isaacus.
2296 1553 2317 1588 1
2338 1554 2358 1588 1
2378 1552 2423 1590 1.

442 1620 571 1696 Ejus
606 1613 809 1693 quidem
845 1611 1163 1690 Epithetum
1189 1611 1348 1691 Jehid
1372 1656 1387 1681 ‚
1428 1612 1519 1687 sed
1542 1631 1799 1666 commune
1824 1631 1923 1664 non
1942 1618 2206 1691 proprium
2234 1633 2252 1667 .·
2298 1612 2433 1669 unde
2482 1633 2485 1636 ⁴

445 1696 651 1774 Aquila
668 1715 772 1749 ‘non
797 1696 933 1749 male
954 1698 1141 1761 vertit,
1172 1693 1496 1763 'Apama-dv,
1512 1689 1769 1745 dileeium.
1814 1694 1900 1743 Sic
1924 1691 2181 1747 Salomon
2205 1693 2433 1750 Davidis

429 1775 584 1853 filius
607 1779 782 1830 unicus
798 1817 813 1842 ‚
859 1772 916 1827 id
935 1772 1002 1850 est
1019 1771 1383 1848 dilec‘liffimus.
1420 1789 1442 1824 1
1466 1769 1675 1825 Chron.
1703 1787 1861 1823 XXIX.
1896 1788 1944 1824 1.
2321 1769 2325 1772 ’

455 1901 459 1903 >
530 1858 624 1911 IX.
681 1858 889 1912 Verum
937 1855 1215 1909 enimvero
1255 1872 1370 1907 non
1405 1848 1581 1929 potest
1616 1849 1820 1904 tantilla
1859 1847 2204 1928 discrepantia
2242 1874 2434 1933 magna

447 1934 619 1992 videri
644 1933 743 1990 nisi
771 1936 821 1989 ei
844 1938 993 2007 cujus
1021 1930 1238 1988 interest
1261 1949 1322 1989 ut
1349 1932 1422 1989 ita
1448 1930 1706 1989 videatur..
1757 1927 1907 1983 Nam
1932 1930 1995 1985 de
2023 1934 2246 1991 nomine
2270 1934 2436 2009 Isra'e'-

448 2016 521 2071 lis
554 2036 670 2071 non
707 2012 930 2070 facimus
972 2012 1293 2070 Marshamo
1335 2006 1774 2070 controversiam:
1803 2008 2024 2084 perinde
2049 2011 2209 2070 nobis
2236 2008 2310 2070 est
2333 2014 2437 2073 sive

450 2096 690 2170 fflae‘lem
713 2093 815 2151 five
839 2096 982 2150 Ilum.
1003 2095 1178 2172 legere
1203 2109 1478 2171 praeoptet.
1546 2091 1621 2145 Et
1643 2108 1758 2166 quae
1782 2086 1870 2143 hic
1895 2087 2066 2147 videri
2093 2093 2270 2169 potest
2295 2092 2438 2152 diffi-

450 2177 613 2232 cultas
640 2219 655 2244 ‚
711 2196 770 2231 ea
808 2175 976 2231 modo
1024 2195 1052 2229 e
1091 2173 1272 2229 medio
1309 2194 1337 2227 a
1373 2170 1533 2228 nobis
1571 2167 1645 2226 est
1673 2166 1884 2225 sublata.
1970 2171 2170 2250 Neque
2196 2172 2440 2233 insanum

451 2253 733 2312 discrimen
758 2252 832 2310 est
855 2256 995 2310 inter
1016 2251 1286 2332 epithetum
1306 2252 1567 2307 vcommune
1588 2250 1746 2306 alicui
1773 2253 1886 2305 κατ’
1904 2252 2084 2325 ἐξοχὴν
2099 2252 2440 2327 attributum,

453 2340 508 2390 &
536 2341 668 2390 inter
691 2354 868 2389 nomen
891 2334 1187 2412 proprium.
1278 2331 1431 2410 Qid
1453 2331 1660 2388 facilius
1688 2328 1762 2385 est
1787 2372 1804 2397 ‚
1860 2352 2023 2410 quam
2047 2350 2108 2389 ut
2132 2333 2179 2390 la
2218 2331 2275 2390 su
2299 2352 2450 2394 tem-·
2488 2350 2490 2352 ’

454 2416 630 2492 pori3‚
648 2435 676 2470 a
700 2434 878 2469 rerum
901 2435 1016 2470 non
1042 2411 1333 2470 admodum
1357 2414 1650 2490 periti8‚ex
1674 2429 1781 2468 tam
1810 2409 2039 2468 notabili
2065 2356 2316 2492 epitiieto*
2332 2438 2438 2474 no·-

456 2515 584 2551 men
612 2495 893 2572 proprium
917 2491 1216 2549 formetur?
1234 2493 1523 2550 Praesertim
1550 2491 1588 2549 si
1611 2490 1912 2570 epithetum
1939 2493 2071 2550 illud
2094 2494 2158 2550 ad
2183 2516 2297 2551 rem
2320 2518 2439 2577 quae

457 2577 634 2654 agitur
663 2579 826 2647 majus
852 2572 1029 2630 afferat
1054 2578 1422 2645 momentum,
1467 2595 1628 2652 quam
1650 2571 1899 2643 usitatum
1922 2575 2311 2653 propriumque
2334 2596 2453 2635 no·v
2484 2592 2495 2597 ”

458 2676 607 2711 men.
690 2660 871 2732 Qam
907 2652 981 2711 ob
1021 2664 1134 2711 rem
1172 2657 1230 2711 in
1253 2653 1387 2711 {acra
1424 2675 1645 2734 quoque
1679 2650 1898 2710 historia
1943 2654 2137 2711 iterum
2173 2655 2306 2713 illud-
2338 2659 2456 2715 ite-'

460 2752 687 2815 rumque
714 2736 1039 2814 ingeminari
1076 2734 1332 2794 videmus,
1375 2737 1525 2793 Gen.
1553 2756 1651 2792 xx1
1671 2755 1719 2791 1.
1751 2752 1799 2788 2.
1831 2732 2025 2789 12.'16.
2053 2735 2199 2792 Heb.
2227 2757 2316 2813 Χῖ.
2351 2749 2456 2808 17:

538 2820 606 2873 X.
652 2816 912 2894 Denique
950 2837 1114 2894 quam
1150 2814 1381 2874 secundo
1411 2818 1535 2874 loco
1559 2814 1737 2872 movit
1763 2811 2070 2885 difficulta3‚
2115 2837 2174 2874 ea
2200 2817 2444 2896 pluribus
2484 2824 2490 2828 '

459 2894 786 2972 expedienda
809 2897 973 2952 venit.
1060 2893 1197 2974 Jeud
1220 2902 1462 2967 Saturni,
1507 2899 1716 2976 inquit,
1759 2915 1879 2952 vere
1905 2896 2155 2954 mafiatus
2177 2897 2279 2955 est:
2323 2921 2442 2959 non

458 2977 589 3031 item
618 2975 778 3050 Isaac.
863 2974 1280 3056 Responderunt
1302 2978 1510 3057 pridem
1547 2976 1742 3035 eruditi
1768 2999 1780 3032 x
1825 2996 1947 3032 vere
1987 2978 2270 3037 maetatum
2296 2969 2460 3038 credi*

456 3056 632 3114 voluit
666 3055 964 3130 Diabolus,
1008 3076 1068 3118 ut
1102 3079 1182 3117 res
1221 3060 1431 3120 cederet
1465 3062 1522 3120 in
1558 3057 1877 3137 exemplum.
1962 3059 2185 3119 Etenim
2207 3081 2306 3120 nec
2332 3059 2465 3118 hoc·

2295 3157 2438 3199 Caret
