2539 3612
401 125 514 187 340
1121 106 1264 162 DE
1347 102 1741 159 DECEM

404 207 519 265 daeo
544 205 798 286 petiisset:
827 207 882 261 δε
906 221 1024 283 quae
1046 203 1385 278 Judaeus‚vel
1409 201 1587 259 oblata
1610 224 1638 258 a
1667 202 1993 259 Samaritano
2009 245 2025 270 ‚
2055 199 2229 261 fuiss'et
2253 201 2397 282 sprea

410 306 560 346 turus
578 332 593 357 ‚
638 284 737 342 nifi
774 284 980 341 fortasse
1017 282 1286 341 necessitas
1304 327 1321 351 ‚
1365 304 1481 362 quae
1511 283 1703 340 durum
1729 284 1896 339 telum
1923 281 2026 350 est,
2075 304 2197 340 eum
2225 285 2287 341 ad
2310 306 2397 342 re·-

414 370 725 445 ceptionem
762 361 1026 443 adegisset.
1102 364 1332 420 Garrula
1356 365 1544 421 cornix
1572 360 1991 500 irridetsjesum,
2036 382 2096 419 ut
2121 363 2397 443 Judae—um,

414 451 512 526 qui
537 446 714 502 sitiens
740 466 854 500 non
882 442 1187 521 aspernetur
1210 442 1367 523 ipsius
1392 464 1585 522 opem,
1608 446 1729 500 alias
1779 441 2036 521 uperbus,
2062 448 2117 499 &
2147 462 2396 504 contem-

411 546 501 584 tor
528 526 995 582 Samaritanorum.
2174 576 2177 579 ,

493 611 673 664 XXII.
725 608 807 662 At
846 622 956 661 tam
986 602 1230 662 sermone
1269 627 1431 684 quam
1472 605 1719 683 exemplo
1754 603 1847 662 suo
1874 604 2061 661 docuit
2086 602 2267 683 jesus,
2312 607 2399 663 inr-

415 685 739 744 confiderata
776 683 1035 760 ejusmodi
1075 685 1202 743 odia
1231 685 1331 743 effe
1357 729 1373 754 ‚
1430 707 1607 763 neque
1633 684 1981 763 pristinorum
2007 683 2399 743 maleficiorum

413 768 735 825 memoriam
759 809 774 835 ‚
819 783 909 822 aut
948 765 1169 844 aliquod
1201 767 1480 845 religionis
1506 764 1788 822 discrimen
1810 810 1825 835 ‚
1871 764 2123 844 abrogare
2151 764 2292 842 posse
2318 767 2400 823 le·-

456 869 543 905 em
568 845 832 903 charitatis
860 891 875 915 ‚
920 867 1035 925 quae
1064 845 1379 904 hominibus
1402 845 1660 903 omnibus
1687 845 1913 903 debetur
1937 889 1952 914 ‚
1997 847 2122 924 quia
2144 845 2397 903 homines

411 869 750 1005 igiint3magis
775 925 944 983 adhuc
969 928 1033 982 iis
1048 971 1064 996 ‚
1079 925 1275 1006 quibus
1298 926 1502 1006 aliquid
1523 925 1586 984 de
1601 928 1807 983 Divina
1827 928 2046 983 veritate
2073 923 2398 1005 cognoscere

412 1009 597 1068 datum
634 1008 723 1065 est.
814 1009 900 1065 Sic
931 1026 1109 1065 tamen
1135 1024 1197 1064 ut
1223 1010 1502 1086 propiores
1528 1006 1688 1064 nobis
1715 1028 1807 1063 eos
1832 1004 2132 1062 censeamus
2157 1027 2293 1084 quos
2317 1028 2400 1063 ar—

370 1163 377 1168 ·
416 1091 576 1147 &riori
599 1088 697 1147 fibi
721 1087 924 1146 foedere
950 1090 1125 1162 junxit
1148 1090 1318 1144 Deus.
1348 1092 1536 1165 Atque
1561 1086 1687 1144 hinc
1715 1085 1914 1143 facium
1939 1085 2041 1154 est,
2058 1104 2120 1142 ut
2147 1084 2252 1164 ipse
2271 1089 2399 1166 qui·-

416 1172 542 1229 dem
575 1172 856 1226 Dominus
879 1167 1027 1226 lassus
1052 1190 1118 1225 ex
1142 1170 1333 1225 itinere
1358 1212 1374 1237 ‚
1419 1174 1473 1223 &
1500 1167 1563 1225 ad
1588 1166 1801 1225 fontem
1828 1166 2061 1246 Sycharis
2087 1165 2398 1239 confidem,

415 1249 791 1328 exspectaverit
825 1251 1095 1307 oviculam
1131 1251 1364 1327 aliquam
1397 1271 1557 1328 quam
1595 1247 1784 1306 salvet:
1813 1271 1974 1328 quam
2000 1249 2181 1305 naecus
2206 1247 2398 1305 huma-
2453 1254 2457 1257 “

413 1331 624 1390 niffime
647 1330 711 1388 ad
736 1328 814 1387 sui
839 1331 1218 1411 cognitionem
1241 1329 1460 1388 deduxit
1477 1374 1492 1400 ,
1525 1351 1639 1386 non
1666 1330 1810 1385 illam
1833 1328 2031 1398 mod0‚
2058 1327 2145 1385 sed
2172 1333 2227 1384 &
2253 1329 2396 1387 cives

414 1418 525 1488 ejus
548 1414 768 1491 cupiens
792 1414 1045 1492 colligere
1068 1431 1164 1487 per
1186 1431 1329 1466 eam:
1358 1409 1639 1487 Apostolis
1664 1411 1881 1466 interim
1904 1408 2007 1465 suis
2031 1408 2395 1480 interdixerit,

418 1515 487 1551 ne
524 1496 582 1550 in
618 1495 788 1572 prima
814 1494 901 1548 illa
927 1490 1272 1569 expeditione
1301 1491 1627 1568 Euangelica
1649 1488 1846 1545 abirent
1878 1496 1934 1546 ἐκ
1956 1495 2104 1545 viam
2122 1494 2355 1569 gentium
2372 1533 2392 1559 ‚

418 1591 510 1631 aut
544 1579 599 1629 in
639 1572 808 1629 urbem
835 1577 1280 1628 Samaritanorum
1305 1571 1712 1650 ingrederentur,
1743 1569 1833 1643 ſsd
1851 1569 2277 1652 proficiscerentur
2295 1588 2394 1649 po-

417 1660 520 1714 tius
543 1652 615 1713 ad
639 1675 756 1710 oves
769 1653 1009 1737 perditas
1028 1650 1206 1707 domm
1230 1650 1451 1726 Istae'lis.
1496 1651 1631 1707 Mat.
1651 1671 1700 1706 x.
1730 1666 1774 1725 5.
1793 1656 1848 1706 6.

1185 1795 1236 1852 C
1279 1812 1322 1853 A
1364 1813 1415 1852 P.
1502 1796 1613 1853 IV.

768 1901 982 1969 Status
1015 1898 1501 1991 deportatorum
1533 1923 1570 1965 a
1602 1895 2069 1966 Salmanaffaoe.

412 2063 457 2117 Ι.
499 2059 783 2141 Deportari
819 2057 1072 2133 Ifrab‘litas
1096 2071 1341 2114 curarunt
1363 2054 1557 2133 Affirii
1584 2067 1638 2107 ut
1661 2049 2058 2126 mansuescerent.
2138 2055 2207 2109 II.
2249 2057 2399 2114 Loca

493 2146 550 2196 in
573 2161 674 2219 quoe
692 2138 861 2221 primox
885 2138 1138 2221 deportati
1153 2137 1272 2211 sunt
1302 2140 1355 2190 in
1385 2136 1591 2214 Assjria
1620 2144 1697 2189 (φ
1723 2131 1920 2187 Media
1933 2134 2097 2208 fuere.
2154 2139 2253 2193 111.
2282 2141 2394 2192 Ni-

491 2220 573 2278 hz'l
596 2218 873 2277 admodum
900 2219 1058 2293 trans
1072 2222 1253 2273 ortatio
1280 2215 1376 2293 ista
1391 2218 1653 2296 promovit
1677 2234 1844 2269 eorum
1866 2215 2247 2290 converfionem.
2291 2220 2396 2275 IV.

490 2304 584 2358 At
610 2299 876 2382 postquam
911 2237 1091 2378 Jussi
1125 2318 1315 2377 quoque
1352 2301 1406 2351 in
1430 2298 1788 2376 captivitatem
1810 2291 2142 2368 abduffisunt
2165 2316 2390 2353 commu-

493 2387 697 2438 monem
728 2381 966 2459 aliquam
999 2400 1114 2435 cum
1153 2376 1419 2460 Prophetis
1456 2388 1534 2432 ἐφ’
1560 2394 1628 2457 po
1666 2377 1745 2431 ulo
1786 2379 1895 2431 Dei
1917 2372 2095 2431 habere
2122 2394 2386 2457 coepernnt.

490 2464 567 2521 V.
615 2464 881 2517 Maxima
915 2460 1264 2536 Ificab‘lz'tarum
1288 2476 1416 2538 pars
1460 2461 1514 2511 in
1539 2393 1741 2533 saltibus
1766 2455 1866 2535 fibi
1881 2460 2110 2537 primum
2131 2458 2388 2537 afflgnatis

495 2544 697 2619 manfit.
779 2543 883 2599 VI.
924 2539 1223 2622 Apocryphi
1261 2544 1408 2598 Ezrae
1445 2535 1507 2592 de
1549 2542 1729 2594 itinere
1763 2539 1823 2593 X
1848 2534 2095 2593 Tribuum
2133 2544 2385 2599 narratio,

497 2627 626 2683 Vn.
653 2626 812 2680 VIII.
841 2625 942 2680 IX.
966 2625 1034 2678 X.
1070 2626 1164 2679 XI.
1191 2620 1313 2678 XII.
1370 2622 1494 2699 Qae
1528 2619 1706 2674 multis
1728 2622 2038 2696 argumentis
2061 2615 2393 2678 convincitur

496 2703 775 2763 mendacii.
855 2705 1009 2761 XIII.
1052 2703 1264 2776 Succeffic
1298 2717 1467 2756 tamen
1506 2703 1744 2781 temporis
1768 2699 1891 2778 fieri
1916 2703 2088 2780 potuit
2126 2717 2182 2756 ut
2199 2719 2393 2782 propa.

483 2793 639 2868 gines
657 2782 883 2865 quaedam
907 2782 1255 2860 Israelitarnm
1278 2786 1333 2838 in
1356 2780 1676 2859 remotzffima
1696 2781 1920 2838 Orientis
1942 2781 2054 2836 loca
2076 2778 2254 2838 delata
2262 2784 2389 2860 sint.

413 2953 459 3007 Ι.
644 2949 782 3007 UN
799 2949 850 3006 C
891 2950 949 3006 D
964 2968 1002 3007 E
1017 2966 1050 3006 1’
1062 2967 1097 3005 o
1113 2966 1157 3006 R
1172 2967 1209 3004 T
1223 2966 1266 3006 A
1279 2967 1317 3005 T
1333 2965 1368 3004 o
1385 2964 1429 3005 R
1443 2964 1485 3003 U
1500 2965 1544 3004 M
1575 2943 1951 3002 conditionem
1976 2941 2262 3001 videamus.
2308 2943 2384 3000 11-

684 3031 725 3092 li
747 3031 995 3094 collocati
1019 3026 1140 3118 sunt
1164 3029 1222 3089 in
1250 3029 1491 3110 Assyria,
1537 3023 1825 3098 Chadacha,
1870 3021 2119 3099 Chabon,
2147 3016 2409 3164 GozaZ'
