2539 3612
533 184 914 242 Tamunus
958 182 1317 242 IsnAssms.
1366 179 1540 243 CAP.
1584 185 1745 243 XII.
2066 213 2184 271 409

182 277 313 341 dem
338 282 401 342 de
427 282 692 342 Israelitici
708 284 888 365 populi
911 284 1236 359 univerfitate
1255 327 1271 353 ,
1297 299 1492 362 quanta
1519 303 1579 340 ea
1602 302 1800 362 quanta
1825 281 1926 356 est,
1942 283 2050 347 fine
2075 295 2174 346 tri-

184 358 355 421 buum
379 364 679 423 discrimine
696 388 710 432 ;
728 359 970 441 illiusque
1000 367 1056 417 in
1081 379 1219 419 terra
1230 364 1327 440 sua
1344 366 1792 422 commoratione.
1809 371 1980 423 Porro
2000 367 2169 428 duum

179 461 441 520 generum
467 445 614 502 bona
643 443 893 521 promitti
917 444 1213 511 cernimuS,
1246 444 1550 526 spiritualia
1578 450 1633 501 δε
1662 448 1977 527 corporalia
2005 465 2167 528 atque

177 543 239 579 ea
283 526 503 603 quidem
537 525 762 599 jun&im
806 521 1108 601 eodemque
1144 540 1388 601 tempore
1434 521 1609 581 Israeli
1647 525 1988 585 confer-enda.
2043 532 2166 610 Jam

172 606 341 661 velim
366 603 760 671 mihi-ostendi,
805 601 1022 679 quando
1050 601 1159 659 haec
1183 605 1398 673 omnia,
1444 602 1552 660 fine
1578 606 1683 662 ulla
1708 624 1817 663 tam
1836 608 2042 686 augusti
2060 609 2167 667 ser-

170 687 355 741 monis
383 686 803 751 imminutione,
846 683 1064 759 impleta
1091 681 1208 740 sint.
1253 685 1404 741 Nam
1430 699 1554 740 utut
1577 683 1837 744 fateamur
1860 708 1955 766 per
1980 695 2163 770 Cyrum

172 760 364 821 faistam
388 764 487 822 effe
512 762 753 821 Israelitis
778 761 1034 819 omnibus
1058 765 1331 822 remeandi
1357 766 1569 842 copiam
1583 789 1599 834 3
1643 787 1819 847 neque
1849 767 2053 827 inficias
2078 792 2163 828 ea-

170 863 288 899 mus
311 843 604 903 admodum
631 847 687 900 in
713 857 848 900 terra
873 844 1287 921 multiplicatum
1314 844 1554 901 Israelem
1577 844 1756 917 fuisse,
1801 869 1913 927 quo
1943 868 2159 930 tempo-

168 941 225 977 re
250 943 374 981 cum
397 927 698 1005 Euangelio
728 929 780 980 &
808 925 1010 1001 Spiritu
1037 922 1130 980 suo
1157 924 1221 981 ad
1251 947 1343 983 eos
1370 923 1576 983 acceffit
1601 929 1675 983 D.
1711 928 1889 1008 Je-sus:
1935 952 2049 989 non
2077 950 2158 988 ta-

166 1023 295 1060 men
331 1007 663 1075 invenimUS,
709 1005 858 1084 quod
896 1004 960 1061 ad
1004 1005 1299 1082 priscorum
1334 1025 1643 1084 temporum
1678 1006 1772 1065 sub
1811 1011 2032 1067 Davide
2064 1031 2154 1072 aut

165 1086 433 1141 Salomone
470 1086 781 1143 felicitatem
819 1085 1223 1156 assurrexerint,
1268 1087 1471 1144 nedum
1511 1105 1572 1144 ut
1607 1110 1725 1145 eam
1762 1089 2152 1167 superaverint,

161 1162 233 1220 de
260 1187 363 1244 qua
381 1188 441 1223 zre
466 1169 671 1245 prolixe
699 1164 848 1243 supra
872 1168 1113 1244 egimus:
1159 1188 1275 1224 non
1304 1169 1608 1234 invenimus
1635 1168 1995 1247 opprobrium
2021 1173 2153 1231 illud

163 1265 196 1300 a
229 1262 364 1302 terra
388 1247 595 1324 prorsus
621 1247 935 1305 devolutum
952 1291 967 1317 ,
1013 1265 1074 1303 ut
1104 1250 1388 1304 incolarum
1400 1248 1603 1323 fitorum
1626 1256 1868 1306 voratrix
1891 1269 1980 1308 aut
2004 1252 2154 1309 orba-

165 1331 277 1381 trix
313 1327 421 1383 dici
438 1329 822 1406 *non-potuerit
833 1352 849 1395 3
896 1349 1065 1406 quum
1094 1326 1213 1406 post
1229 1330 1602 1407 >captivitatem
1629 1328 2009 1408 Babylonicam
2030 1355 2150 1392 -non

164 1406 344 1463 minus
380 1427 541 1485 quam
578 1426 729 1463 antea
760 1411 1016 1483 gen-tium
1051 1407 1114 1465 de
1152 1411 1389 1486 Imperio
1416 1411 1734 1467 certantium
1759 1410 1931 1488 praeda
1955 1411 2148 1484 fueri-t,

163 1489 257 1555 δε,
313 1485 415 1544 five
453 1489 654 1567 Affirii
687 1487 966 1542 vincerent
1005 1485 1109 1542 sive
1149 1494 1414 1569 eAEgyptii
1437 1533 1454 1557 ,
1511 1509 1659 1569 aeque
1697 1494 1831 1550 male
1869 1494 2150 1563 muIRata3

162 1565 415 1644 deinceps
456 1571 618 1624 etiarn
658 1589 687 1624 a
710 1571 989 1637 Romanis,
1037 1565 1139 1623 five
1165 1588 1288 1623 cum
1316 1566 1560 1625 hostibus
1587 1587 1829 1640 externa,
1875 1571 1978 1629 five
2007 1576 2150 1633 inter

80 1650 82 1652 ’
160 1644 212 1702 se
253 1649 429 1704 civilia
463 1646 601 1703 bella
641 1663 916 1725 gererent,
961 1646 1179 1724 pessime
1223 1646 1430 1717 habita,
1475 1670 1533 1706 ac
1574 1649 1788 1709 tandem
1814 1653 2146 1713 anathemate

159 1726 421 1804 percussa,
467 1728 666 1785 incolas
693 1725 813 1784 suos
838 1747 1027 1784 omnes
1053 1729 1384 1785 evomuerit:
1429 1749 1546 1787 non
1574 1731 1880 1789 invenimus
1898 1735 2145 1815 populum

155 1806 499 1883 Israeliticum
528 1830 594 1865 eo
629 1826 875 1887 tempore
902 1813 1052 1887 aquis
1072 1808 1278 1865 mundis
1303 1807 1571 1892 aspersum,
1614 1809 1763 1866 corde
1787 1833 1948 1880 novo,
1977 1813 2143 1896 spiri-

156 1904 309 1966 tnque
333 1910 463 1945 novo
482 1888 782 1972 praeditum,
807 1887 1014 1945 aicorde
1035 1888 1236 1972 lapideo
1260 1905 1522 1959 curatum,
1548 1895 1884 1968 iniquitatum
1913 1904 1991 1950 (φ’
2012 1893 2139 1951 abo-

156 1974 496 2027 minationum
505 1970 714 2046 fitarum
731 1975 1031 2052 paenitentia
1057 1969 1274 2040 milam,
1296 1969 1363 2028 sic
1388 1988 1450 2028 ut
1471 1969 1735 2029 beneficia
1762 1992 1821 2030 ea
1843 1978 2138 2034 nationalt‘ae

155 2046 360 2106 fuerint
383 2095 399 2120 ,
445 2049 900 2129 quemadmodum
935 2049 1214 2128 Prophetae
1249 2048 1410 2108 verba
1446 2052 1520 2108 ita
1558 2054 1804 2110 tinniunt
1814 2079 1831 2123 3
1873 2054 2135 2135 Deusque

156 2146 285 2187 tunc
329 2128 500 2187 Israeli
537 2131 760 2200 dixe-rit,
803 2135 861 2189 V
854 2152 907 2186 os
933 2130 1046 2208 estis
1069 2131 1202 2187 mihi
1216 2134 1430 2214 populus
1457 2144 1535 2189 (γ’
1559 2155 1644 2211 ego
1669 2132 1942 2211 vobisfiaem
1969 2139 2137 2197 Deus.

234 2215 312 2268 XI
323 2218 383 2270 Χ.
427 2212 575 2268 Nam
609 2232 724 2289 quae
749 2213 807 2267 in
831 2212 1119 2290 Euangelii
1147 2214 1307 2269 initio
1330 2234 1424 2290 per
1452 2210 1726 2270 Christum
1750 2213 1867 2272 data
1892 2213 2135 2275 lsra'e'litis

154 2289 230 2347 est
253 2309 595 2369 peccatorum
621 2291 853 2348 remissio
881 2297 935 2348 &
954 2289 1335 2363 -sanftificatim
1377 2314 1440 2349 ea
1463 2296 1642 2371 paucis
1665 2293 1898 2375 obtigit,
1943 2295 1981 2354 si
2006 2317 2131 2356 cum

152 2373 360 2450 populo
397 2370 644 2428 universo
682 2370 1055 2430 conferantur:
1101 2376 1188 2431 cui
1207 2372 1394 2453 quoad
1412 2391 1626 2453 *partem
1642 2375 1813 2454 longe
1838 2379 2127 2436 maximam

157 2468 287 2508 tunc
326 2452 528 2510 ciffum
554 2450 627 2507 est
657 2456 737 2507 Lo
763 2457 970 2510 Ammi.
1017 2456 1135 2509 Aut
1163 2453 1199 2511 si
1225 2455 1456 2511 omnino
1482 2453 1817 2514 statuendum
1843 2457 2003 2515 nobis
2030 2458 2123 2530 s1-t,

149 2531 373 2611 augusto
422 2530 547 2588 huic
598 2533 851 2611 promiffo
893 2532 1211 2591 satisfactum
1253 2532 1349 2592 effe
1387 2556 1446 2592 ea
1484 2539 1653 2614 gratia
1686 2557 1848 2615 quam
1881 2540 2123 2617 reliquiis

146 2612 348 2669 Israelis
371 2611 659 2670 secundum
686 2613 1006 2671 εῙεᾶἰοηειῃ
1029 2613 1175 2672 dedit
1196 2617 1349 2672 Deus
1364 2652 1382 2684 5
1421 2617 1600 2695 paullo
1626 2635 1747 2673 ante
1771 2617 2120 2676 noviffimum

149 2692 453 2771 reipublicae
493 2693 761 2750 excidium
791 2716 803 2749 :
847 2696 1008 2750 velim
1043 2693 1177 2751 mihi
1204 2688 1432 2773 exponi,
1476 2717 1588 2776 quo
1626 2693 1775 2753 sensu
1800 2696 1907 2755 haec
1932 2719 1960 2754 a
1986 2701 2117 2763 Do-

149 2774 304 2830 mino
341 2779 654 2854 jungantur3
699 2795 790 2852 quo
827 2791 1042 2856 tempore
1078 2775 1326 2833 mundabo
1362 2798 1488 2849 vos,
1517 2778 1726 2854 faciam
1748 2794 1803 2833 ut
1821 2776 2117 2838 habitentur

146 2859 416 2919 civitates,
467 2867 544 2912 Ψ
577 2854 878 2931 aedzjicentur
911 2855 1205 2932 vastitates,
1247 2878 1401 2937 neque
1436 2874 1573 2916 terra
1595 2855 1759 2912 addat
1782 2860 2006 2939 amplius
2032 2865 2117 2915 in·-

146 2936 287 2991 colas
308 2934 422 3009 suos
458 2933 595 2991 orbos
608 2938 803 3012 facere.
860 2934 1022 2991 Adeo
1059 2935 1281 3013 quidem
1305 2957 1365 2995 ut
1388 2955 1576 3016 gentes
1602 2935 1732 2992 illud
1755 2957 1877 2993 cum
1900 2935 2114 3016 stupore

146 3013 382 3094 quodam
421 3014 694 3093 aspe&urae
732 3013 859 3083 fint3
904 3036 1073 3093 quum
1099 3013 1341 3074 Christus
1367 3018 1569 3074 ultimis
1595 3014 1696 3071 suis
1723 3019 2114 3089 concionibuS,

147 3115 274 3174 quas
299 3116 427 3155 mox
457 3094 686 3154 secutam
711 3097 904 3156 volunt
930 3117 1043 3154 eam
1064 3097 1250 3233 gigig?
1277 3096 1701 3169 concessionem,
1747 3096 1968 3171 dixerit,
2011 3105 2117 3158 Ec-

2064 3199 2121 3236 ce
