2539 3612
448 161 558 223 ‘15⁷-
950 148 1915 200 AEGYPT1AcoRuM

443 251 705 305 Attamen
742 267 911 326 quum
946 243 1207 324 quicquid
1242 241 1374 300 illud
1398 239 1593 311 fuerit,
1641 262 1819 320 neque
1844 242 1995 297 Urim
2019 261 2194 322 neque
2218 243 2418 302 Thera«

437 328 586 410 phim
610 328 813 386 dicatur
822 354 839 396 3
882 333 936 382 &
961 345 1093 393 noS,
1121 323 1194 380 ob
1230 322 1491 402 scripturae
1517 321 1815 391 silentium,
1841 341 2096 379 aeternum
2123 322 2178 381 id
2203 325 2420 403 ignoras

447 430 503 465 re
542 429 824 487 cogamur,
883 427 988 485 qua
1022 409 1108 462 vel
1146 404 1316 483 specie
1353 405 1656 482 argumenti
1703 405 1888 481 colligi
1925 425 1988 460 ex
2022 426 2081 460 ea
2115 406 2416 461 narratione

447 488 622 567 potest
670 532 684 555 ,
740 486 889 567 quod
947 485 1262 568 Theraphim
1295 490 1351 542 &
1398 487 1546 541 Urim
1585 480 1818 558 ejusdem
1864 482 2048 542 sormae
2091 504 2250 564 atque
2298 482 2420 542 usus

448 568 685 626 fuerint?

528 654 672 706 XXI.
719 655 856 730 Qae
882 649 1009 706 alibi
1036 649 1099 708 de
1123 649 1504 707 convenientia
1517 646 1907 726 ffig7zfficationis
1933 650 1988 705 in
2027 647 2249 704 vocibus
2274 649 2424 704 Urim

449 734 504 786 δέ
529 728 841 812 Theraphim
875 729 1118 788 observat
1150 738 1417 813 Spencerm
1441 731 1615 799 (Urim
1645 731 1792 785 ³(nim
1818 729 2274 805 inflammationes,
2292 733 2412 786 illu-

454 814 761 866 minationes
783 830 964 881 notat,
1006 814 1064 868 T
1056 812 1320 894 hemphz'm
1349 834 1410 868 ex
1437 810 1687 866 Dialefito
1717 808 2001 866 Chaldaica
2014 832 2112 889 pro
2139 810 2423 892 Seraphim,

455 890 607 969 quod
621 893 905 970 antiquum
921 896 1247 970 Angelorum
1273 914 1477 949 nomen
1505 889 1606 960 est,
1650 908 1872 957 urentes,
1903 893 1985 946 vel
2018 893 2424 969 inflammantes)

455 991 516 1027 ea
554 974 633 1028 uti
670 993 784 1028 non
820 970 938 1029 stmt
974 971 1260 1030 fraudanda
1283 973 1601 1029 eruditionis
1627 971 1808 1039 laude,
1853 973 1925 1027 ita
1949 974 2169 1029 rationis
2197 974 2429 1030 convin-

453 1055 623 1109 centis
647 1053 831 1109 locum
855 1052 1105 1110 sustinere
1120 1076 1234 1110 non
1260 1052 1488 1132 poffunt.
1542 1056 1948 1129 Argumentum
1962 1054 2109 1107 enim
2131 1053 2194 1108 ab
2222 1073 2432 1130 etymo-

453 1132 627 1212 logia,
672 1133 959 1211 praesertim
985 1134 1021 1191 fi
1047 1157 1106 1191 ea
1132 1137 1357 1202 incerta,
1383 1135 1784 1211 plurimumque
1812 1133 1952 1185 inter
1980 1132 2217 1188 eruditos
2241 1151 2431 1191 Vexata

451 1211 543 1282 fit,
570 1215 861 1272 admodum
887 1215 1181 1272 invalidum
1206 1213 1296 1271 est.
1342 1215 1491 1270 Talis
1518 1230 1696 1267 autem
1721 1231 1780 1265 ea
1806 1207 1880 1265 est
1907 1233 2068 1289 quam
2091 1210 2178 1267 hic
2208 1212 2270 1270 de
2294 1212 2434 1269 ‘The--v

448 1295 653 1377 raphim
681 1317 783 1374 prae
809 1299 1005 1353 caeteris
1031 1294 1375 1353 commendat
1411 1288 1695 1376 Spehcerus.
1752 1290 1887 1345 ¹Nos
1914 1293 2069 1347 aliam
2096 1292 2337 1350 dedimus
2366 1317 2429 1351 ex

443 1376 707 1433 Ludovico
731 1377 794 1433 de
818 1382 1118 1456 Dieu,quae
1144 1399 1257 1433 non
1284 1379 1462 1432 minus
1488 1373 1726 1428 videatur
1749 1368 1847 1425 esse
1873 1370 2182 1447 probabilis,
2229 1375 2299 1429 Et
2313 1373 2430 1432 sane

448 1456 488 1513 si
515 1456 692 1514 statuae
729 1458 793 1515 ad
833 1460 1152 1514 memoriam
1174 1456 1489 1533 angelorum
1515 1448 1883 1507 celebrandam
1912 1494 1925 1518 ‚
1971 1453 2056 1508 vel
2083 1474 2272 1509 eorum
2300 1477 2434 1534 prae-

449 1537 672 1594 sentiam
698 1537 1124 1617 significandam,
1169 1554 1423 1614 tanquam
1449 1530 1749 1610 symbolum
1775 1534 2070 1609 antiquitus
2097 1531 2436 1603 struetae,·ia-

455 1621 599 1675 circo
638 1617 951 1702 Theraphim
991 1619 1139 1676 diecae
1174 1615 1293 1673 sunt
1318 1662 1332 1686 ,
1401 1616 1528 1694 quia
1564 1613 1619 1669 id
1661 1612 1806 1668 idem
1841 1610 1916 1667 est
1956 1613 2104 1691 quod
2139 1617 2435 1698 Seraphim,

460 1721 572 1778 quo
599 1701 823 1757 nomine
837 1701 1170 1778 flammantes
1195 1700 1368 1776 angeli
1392 1712 1676 1753 notantur:
1723 1713 1838 1769 quae
1865 1691 1971 1747 dici
1997 1694 2170 1769 potest
2194 1700 2329 1753 ratio
2345 1718 2439 1754 cur

462 1785 517 1836 &
546 1802 824 1860 nunquam
860 1783 1119 1859 imagines
1148 1777 1262 1834 istas
1300 1772 1613 1856 Seraphim,‘
1642 1778 1695 1828 &
1724 1793 2002 1850 nunquam
2032 1777 2279 1853 Angelos
2303 1777 2441 1833 The-

460 1883 523 1917 ra
558 1860 668 1916 him
701 1880 918 1918 vocatos
956 1861 1335 1917 inveniamus?
1391 1853 1704 1936 Theraphim
1753 1851 2049 1910 Chaldaicae
2097 1858 2323 1935 originis
2350 1857 2440 1917 est.

463 1947 535 1998 Cl
559 1941 843 1999 aldaeorum
877 1961 1053 1999 autem
1091 1959 1182 2017 qun
1225 1944 1278 1994 &
1318 1937 1680 1993 Hebraeorum
1707 1955 1803 2011 qw
1829 1935 2028 1990 nullam
2056 1933 2255 1996 habent
2280 1939 2445 2018 figni-

465 2021 734 2080 ficationis
769 2024 1220 2080 convenientiam.
1309 2021 1382 2076 Et
1422 2020 1516 2098 qui
1555 2014 1800 2071 Hebraeis
1847 2015 2114 2096 Seraphzm
2163 2018 2445 2086 dicuntur,

472 2105 710 2181 Angeli‚
755 2126 846 2160 eos
871 2127 899 2161 a
936 2102 1227 2171 Chaldaeis,
1273 2099 1472 2168 nedum
1508 2095 1781 2165 Hebraei8‚
1825 2095 2138 2176 ‘Therazphim
2165 2098 2271 2156 dici
2296 2104 2446 2160 nullo

466 2184 756 2264 probatum
781 2185 892 2243 vidi
908 2186 1173 2261 exemplo,
1223 2189 1413 2260 Qum
1439 2200 1568 2257 ergo
1595 2175 1848 2255 scriptura
1863 2196 1970 2233 tam
1996 2176 2217 2235 sollicite
2245 2180 2450 2260 semper

476 2285 759 2343 utramque
795 2287 989 2322 vocem
1023 2263 1282 2330 secernat,
1339 2281 1616 2339 nunquam
1646 2276 1822 2314 autem
1847 2278 2101 2337 tanquam
2128 2261 2361 2334 ejusdem
2387 2264 2452 2321 fi-

476 2344 845 2426 gnificationis
881 2347 1104 2402 alternet
1116 2369 1131 2412 3
1175 2365 1289 2399 non
1326 2342 1488 2398 ausi-m
1528 2358 1667 2396 certe
1694 2361 1797 2417 ego
1831 2362 1913 2396 eas
1938 2358 2191 2420 tanquam
2226 2341 2456 2424 synony-

482 2448 622 2494 maS‚
667 2425 1007 2504 ejusdemque
1045 2425 1274 2503 originis
1289 2469 1304 2493 ,
1348 2445 1447 2501 pro
1489 2443 1600 2478 uno
1626 2420 1836 2476 habere.

567 2510 748 2565 XXII.
794 2510 981 2585 Atque
1021 2508 1092 2563 ita
1128 2502 1499 2562 demonstrasse
1539 2523 1623 2559 me
1661 2500 1915 2571 arbitror,
1960 2525 2074 2559 non
2116 2503 2222 2561 fine
2261 2506 2457 2587 insigni

485 2589 765 2669 religionis
790 2608 847 2644 ac
884 2589 1094 2666 pietatis
1132 2588 1323 2659 injuria
1360 2584 1475 2642 istas
1503 2585 1877 2662 AEgyptiorum
1901 2585 2124 2663 ineptias
2151 2607 2206 2642 ac
2235 2588 2458 2664 probra,

489 2675 574 2738 δε,
619 2668 1077 2749 quemadmodum
1100 2669 1367 2745 Scriptura
1389 2684 1572 2735 vocat,
1616 2685 1747 2724 rw:
1770 2665 2041 2749 pudenda,
2086 2687 2209 2724 cum
2234 2669 2463 2729 sacratis-

493 2751 634 2809 simis
656 2752 769 2809 Dei
797 2749 1051 2810 institutis
1075 2750 1371 2828 comparari
1398 2748 1557 2828 posse.
2486 2755 2489 2757 ’

2237 3164 2467 3224 CAP.
