2539 3612
593 86 602 92 -ν
651 68 700 124 L
743 84 860 124 η.
904 68 1025 122 111.
1109 59 1174 120 C·
1205 80 1344 124 Α-Ρ.
1387 62 1578 123 X111.
1989 92 2108 146 277

112 168 204 228 sed
231 172 286 227 δε
314 189 392 226 res
420 164 526 247 ipsa
549 167 793 246 loquitur
818 208 834 236 ‚
889 163 1058 222 modo
1095 164 1382 250 Pythagora
1424 167 1614 244 placita
1652 186 1775 225 cum
1818 166 2103 247 Judaeorum

103 251 385 330 ⁴dogmatis
409 248 808 305 contendamus,
871 245 1159 302 Interdieta
1183 245 1378 325 Judaeis
1399 244 1660 326 sculptilia
1684 246 1850 307 fuere.
1906 256 2102 310 Vetuit

114 333 276 388 etiam
290 329 603 410 Pythagoras
629 332 908 404 imaginem
923 328 1032 381 Dei
1042 329 1231 382 annulo
1257 326 1685 407 inscribi.Legem
1701 329 1765 387 de
1782 352 1897 389 non
1922 353 2105 399 come-

111 411 299 468 dendis
323 412 624 473 morticiniis
647 408 704 462 in
727 422 987 483 praecepta
1011 408 1173 463 etiam
1197 405 1284 463 sua
1307 406 1628 488 Pythagoras
1655 409 1934 470 transtulit.
1951 413 2104 471 Idem

109 513 279 571 quum
314 488 465 546 nudis
483 485 695 570 pedibus
709 485 861 561 stzcra
873 484 1001 563 fieri
1024 487 1223 560 jufferit
1245 531 1261 557 ‚
1320 509 1506 557 nonne
1532 490 1842 550 mandatum
1865 493 2011 550 Mofi
2036 494 2103 551 de

106 570 246 627 rubo
274 569 478 628 ardenti
520 566 727 624 editum
761 565 974 624 videtur
997 568 1055 624 in
1079 585 1262 624 mente
1298 565 1532 626 habuisse
1562 576 1583 626 ?
1641 573 2102 650 quemadmodum

102 648 169 707 ab
206 648 471 726 Ambrofio
508 666 757 706 notatum
803 646 892 704 est.
978 652 1259 727 Integrum
1306 670 1528 728 quoque
1569 651 1740 709 Mofis
1776 674 2099 734 praeceptum
2122 688 2372 739 Epistolnb„

97 730 484 808 repraesentavit
518 729 842 807 Pythagoras
867 769 884 794 ‚
938 750 1050 807 quo
1092 750 1154 785 ne
1175 731 1443 807 frngiferae
1476 729 1854 806 succiderentur
1900 735 2101 794 arbores
2128 745 2349 797 111·Epist·

96 810 387 867 interdixit.
473 811 556 866 Ex
597 807 817 866 historia
851 812 1083 866 Bileami
1118 815 1173 866 &
1203 813 1375 889 Afinae
1410 812 1660 890 prodiisse
1697 818 1859 872 etiam
1887 817 2100 876 videtur
2122 806 2188 834 ’⁵⁸'

94 889 508 971 Pythagoricum
534 890 666 947 illud
694 934 710 959 ,
766 910 865 946 non
889 891 1249 968 tranftundum
1287 895 1407 948 illuc
1435 892 1519 949 ubi
1556 897 1724 973 asinas
1757 896 2096 979 procubuerit.

92 972 220 1029 Alia
244 994 389 1029 nunc
414 973 796 1051 praetermittO,
840 970 968 1028 alibi
993 995 1022 1029 a
1047 971 1209 1030 nobis
1239 991 1422 1030 notata
1447 1017 1463 1042 ,
1508 977 1565 1031 in
1592 977 1788 1054 quibus
1816 979 2096 1039 manifesta

92 1052 541 1133 Pythagoricorum
566 1073 689 1109 cum
714 1051 967 1131 Judaicis
989 1051 1130 1110 scitis
1157 1052 1509 1111 consonantia
1534 1053 1629 1111 est.

171 1138 259 1190 XI
277 1139 354 1192 11.
398 1135 584 1190 Facilis
608 1133 735 1190 hinc
761 1133 835 1190 est
866 1132 1138 1213 responsio
1166 1135 1230 1192 ad
1256 1135 1368 1191 illas
1404 1134 1722 1192 Marshami
1746 1140 2064 1198 ratiunculas
2078 1185 2097 1212 ,

90 1212 288 1290 quibus
330 1216 583 1272 anomalae
610 1219 664 1269 &
692 1214 962 1291 paradoxae
989 1215 1255 1273 Laflantii·
1278 1212 1408 1290 ῥήσει
1434 1216 1598 1273 fidem
1625 1216 1853 1276 astruere
1877 1223 2088 1282 nititur.

88 1293 312 1349 Etenim
352 1294 503 1372 quod
539 1294 760 1370 quidam
794 1295 934 1370 apud
967 1295 1245 1377 Josephum
1284 1296 1556 1371 objectant
1582 1342 1598 1366 ,
1654 1299 1952 1382 Reipublicae
1977 1303 2093 1382 Ju—

91 1370 245 1428 daicae
279 1373 678 1447 constitutionem
712 1377 969 1428 novellam
1009 1375 1223 1444 videri,
1277 1383 1459 1458 qm'ppe
1489 1378 1553 1433 de
1586 1401 1688 1456 qua
1711 1403 1745 1435 a
1762 1381 2094 1465 scriptoribus

89 1456 272 1509 Graecis
295 1454 431 1511 nihil
458 1451 650 1509 diffum
666 1456 734 1534 fit
757 1498 774 1524 ,
839 1456 995 1510 omni
1034 1454 1204 1512 modo
1232 1454 1422 1511 falsum
1457 1456 1548 1513 est.
1637 1461 1858 1518 Nullius
1884 1465 2097 1542 Reipu-

86 1531 237 1591 blicae
263 1537 593 1613 antiquiores
615 1532 872 1592 habemus
897 1535 1107 1591 annales
1132 1559 1144 1592 ε
1200 1557 1371 1615 quum
1394 1556 1586 1593 omnes
1612 1537 1906 1612 fateantur,
1950 1563 2095 1601 tem-

90 1634 223 1692 pora
247 1637 362 1693 quae
393 1617 697 1686 Trojanum
720 1616 924 1671 bellum
962 1614 1346 1675 antecesserunt
1371 1660 1388 1685 ‚
1444 1616 1482 1674 fi
1507 1637 1712 1676 caeteras
1748 1641 1940 1700 gentes
1971 1623 2090 1702 spe-

90 1695 199 1751 stes
224 1738 241 1764 ,
294 1692 534 1754 fabulosa
571 1693 685 1752 effe.
772 1697 848 1751 Et
874 1696 1196 1752 Graecorum
1220 1699 1419 1753 multos
1446 1720 1561 1756 non
1586 1702 1885 1760 meminisse
1912 1705 2090 1765 solum

92 1775 403 1857 Judaeorum
428 1820 444 1842 ,
501 1774 589 1831 sed
618 1781 673 1832 δε
700 1797 892 1832 eorum
935 1795 1061 1832 cum
1094 1778 1315 1854 prolixis
1350 1779 1648 1838 meminiffe
1685 1782 1932 1843 laudibus
1955 1831 1976 1856 ,
2030 1809 2092 1845 ea

94 1877 213 1937 quae
237 1856 404 1915 modo
440 1857 762 1934 protulimus
786 1853 1095 1914 testimonia
1124 1859 1294 1935 palam
1318 1858 1539 1916 faciunt.

176 1942 262 1996 XI
278 1942 349 1996 V.
396 1940 450 1994 Si
474 1936 531 1994 id
552 1957 738 1994 verum
764 1936 842 2007 fit,
886 1937 1037 2016 quod
1060 1939 1411 1996 Marshamus
1437 1943 1737 2014 contendit,
1780 1961 1898 2002 ante
1922 1951 2093 2030 capti-

93 2024 313 2075 vitatem
336 2015 702 2101 Babylonicam
728 2062 744 2087 ,
801 2017 905 2074 siv-e
943 2035 1008 2073 VI
1032 2039 1047 2073 1
1094 2018 1393 2098 sapientum
1419 2040 1624 2080 aetatem
1648 2070 1664 2094 ,
1722 2027 1945 2085 Graecos
1973 2051 2090 2086 non

92 2098 264 2156 solum
288 2097 672 2176 Philosophiae,
717 2097 804 2156 sed
830 2104 885 2156 δε
910 2119 1087 2155 rerum
1113 2097 1350 2170 suarum,
1395 2106 1563 2182 magis
1588 2124 1915 2179 exterarum,
1953 2110 2087 2168 adeo

93 2179 246 2237 fuiffe
270 2178 566 2238 incuriosos
591 2222 607 2247 ,
665 2198 730 2236 ut
750 2202 865 2238 non
903 2201 1093 2237 eorum
1129 2181 1347 2259 quidam
1389 2190 1937 2247 commerciumvcum
1964 2193 2090 2247 He·-

95 2259 247 2317 braeis
271 2259 557 2316 habuerint
582 2283 601 2329 ς
653 2260 889 2319 ediflerat
912 2261 1048 2318 mihi
1073 2262 1168 2341 qui
1190 2259 1392 2319 fastum
1419 2263 1481 2321 fit
1504 2308 1521 2334 ,
1576 2283 1637 2323 ut
1673 2269 1950 2326 incuriosis
1976 2269 2086 2327 istis

93 2359 239 2398 tanta
264 2361 388 2398 cum
418 2341 680 2419 AEgyptiis
704 2341 1048 2400 intercefferit
1069 2342 1398 2403 necessitudo
1422 2391 1440 2416 ,
1485 2364 1740 2426 quantam
1765 2351 1851 2406 ille
1879 2349 2085 2429 ubique

97 2421 425 2500 depraedicat.
509 2422 657 2478 Nam
683 2424 832 2502 quod
871 2424 1122 2482 Cadmum
1144 2424 1315 2497 dicaS,
1373 2429 1470 2506 qui
1496 2450 1560 2485 ex
1583 2428 1767 2485 Thebis
1795 2436 2086 2514 eAEgyptiis

94 2504 261 2559 multa
295 2501 474 2558 secum
500 2505 804 2581 AEgyptiaca
829 2507 886 2562 in
922 2507 1192 2564 Graeciam
1215 2508 1442 2579 intulit3
1497 2512 1745 2566 erraveris
1769 2513 2079 2590 plurimum.

93 2584 234 2639 Non
260 2588 557 2667 &gyptius
582 2581 687 2640 fuit
713 2585 976 2658 Cadmus,
1019 2586 1106 2645 sed
1129 2586 1374 2658 Phoenix3
1398 2590 1550 2670 quod
1576 2596 1630 2646 &
1659 2613 1863 2649 nomen
1888 2599 2080 2672 arguit.

94 2665 380 2720 Nimirum
401 2708 418 2734 ,
475 2683 536 2721 ut
559 2683 708 2721 acute
734 2711 751 2732 ,
806 2687 905 2745 pro
930 2691 1082 2726 more
1104 2668 1198 2726 suo
1224 2713 1239 2739 ,
1295 2668 1595 2729 observavit
1633 2673 1918 2730 Bochartus
1940 2718 1956 2742 ,
2015 2699 2078 2733 ex
2101 2687 2217 2727 Cana.
2238 2688 2309 2730 hb.
2331 2703 2372 2732 r,

94 2746 197 2800 illis
234 2766 361 2801 eum
393 2744 702 2802 Cadmonais
735 2745 887 2804 fuiffe
930 2750 1185 2808 credibile
1221 2749 1295 2808 est
1330 2796 1348 2821 ,
1413 2774 1550 2831 quos
1593 2772 1856 2811 memorat
1893 2755 2077 2814 Moses
2096 2752 2286 2795 ⁶³P·²¹²'

96 2825 244 2882 Gen.
273 2847 357 2882 xv:
380 2846 468 2899 19.
512 2829 594 2884 Hi
619 2834 783 2907 porro
810 2828 1092 2886 Cadmonaei
1116 2852 1240 2888 cum
1260 2846 1261 2849 ’
1278 2836 1489 2889 Hcvaeis
1514 2833 1679 2890 iidem
1704 2854 1868 2892 erant.
1954 2838 2089 2895 ΝΕ·-

93 2927 199 2984 que
231 2904 452 2964 obscura
475 2910 609 2965 ratio
639 2929 732 2965 cur
759 2909 947 2967 Hevaei
974 2910 1278 2968 Cadmonim
1299 2958 1314 2983 ,
1370 2914 1426 2972 id
1462 2913 1535 2970 est
1562 2915 1856 2972 Orientales
1880 2958 1903 2990 ,
1953 2918 2086 2977 diesi

91 2985 194 3046 sin-t
225 3011 239 3048 z
306 3008 477 3068 quum
522 2987 634 3072 Jos.
665 3010 755 3048 x1:
786 3012 834 3069 3.
872 2995 947 3056 ,δι
983 2991 1104 3071 Jud.
1141 3011 1269 3050 111:
1301 3016 1351 3072 3.
1406 2996 1641 3076 legamus
1677 3017 1773 3056 eos
1807 2999 2082 3076 occupaffe

1119 3072 1254 3131 Mm
1299 3096 1324 3152 3
1834 3098 2088 3139 montem
