2539 3612
377 198 496 241 -200
906 181 1895 236 AEGYPTIACORUM

377 282 564 366 *paullo
589 296 707 338 ante
733 277 913 339 vixiffe
938 278 1227 336 hariolatur
1255 300 1268 335 ε
1314 299 1484 357 quum
1508 274 1751 348 constet,
1794 290 1912 334 eam
1936 271 2108 331 Iliaca
2130 283 2373 355 tempor²

389 365 542 422 annis
570 364 778 418 circiter
802 360 1131 438 octingentis
1155 356 1487 415 anteceffisse.
1575 360 1708 414 Haec
1735 356 1799 416 de
1825 352 2253 413 Sunchuniatonis
2279 381 2377 419 aue

389 446 623 508 &oritate
646 451 968 520 atque'aetate
993 460 1055 496 ex
1082 438 1356 523 Porphyrio
1384 444 1439 496 &
1467 437 1683 495 Philone
1708 437 1884 520 Byblio
1901 481 1917 508 ,
1945 435 2378 494 Sanchuniatonis

394 527 712 599 interprete,
757 520 918 577 habet
939 518 1201 596 Eusebius,
1244 525 1462 603 Praepar.
1486 517 1574 576 lib.
1611 540 1658 576 1.
1683 538 1796 603 cup.
1830 538 1913 575 1x.

477 607 602 661 XV.
651 602 752 660 Sed
790 607 845 658 &
882 600 970 658 hic
1001 602 1168 665 multa
1191 598 1517 658 observanda
1539 602 1784 657 veniunt.
1875 618 1924 656 1.
1969 596 2378 679 Qaliscunque

396 684 562 742 fuerit
585 682 997 753 Sanchuniaton,
1026 687 1081 738 &
1106 699 1529 761 quantaecunque
1554 683 1746 751 aetatis,
1777 681 1964 737 omnia
1988 698 2221 759 arguunt
2248 702 2376 739 eum

397 764 547 839 Mose
571 759 722 820 fuisse
749 766 1125 821 recentiorem.
1153 762 1400 845 Josephus
1425 764 1498 819 ita
1522 763 1748 819 calculos
1772 762 1962 840 ponit,
1980 779 2042 818 ut
2058 779 2211 839 putet
2234 766 2379 817 Exo-¹

398 844 522 901 dum
557 843 909 919 Iftu'e'liturum
946 865 1010 900 ex
1051 850 1293 926 eAEgypto
1332 841 1427 900 sub
1465 843 1658 901 ducatu
1693 845 1864 920 Mofis
1886 840 2073 897 bellum
2095 843 2377 922 Trojunum

399 926 552 982 annis
578 924 977 1002 propemodum
1001 927 1140 979 mille
1163 922 1455 1002 praeceffisse
1476 948 1488 981 :
1528 944 1753 1002 eamque
1775 921 1988 1003 Josephi
2012 925 2377 1001 computatio-

401 1029 530 1063 nem
555 1003 847 1062 Christiani
870 1007 1096 1062 Veteres
1119 1002 1328 1062 summo
1353 1005 1527 1062 studio
1554 1000 1891 1060 admiserunt.
1956 1005 2107 1059 Hinc
2133 1003 2378 1082 Justinu's

405 1091 627 1158 Murtyr
661 1087 890 1143 collocat
914 1085 1101 1161 Mofien
1125 1085 1424 1166 Judaeorum
1449 1084 1643 1141 ducem·
1666 1081 2084 1159 inte-mporibus
2110 1087 2297 1163 Ogygis
2324 1088 2380 1139 ὃς

401 1159 604 1225 Inachi.
658 1165 882 1223 Inachus
917 1185 1096 1223 autem
1131 1170 1306 1246 Argis
1340 1168 1396 1222 in
1433 1162 1757 1246 Peloponneso
1785 1183 1990 1219 novum
2014 1184 2241 1241 regnum
2266 1160 2391 1231 for-A

402 1249 556 1306 masse
595 1248 828 1313 creditur
851 1268 993 1305 anno
1020 1246 1226 1304 Periodi
1249 1246 1484 1327 Juliunae
1512 1246 1681 1322 2857.
1748 1246 1943 1325 Ogyges
1966 1245 2126 1321 paulo
2151 1242 2270 1322 post
2296 1265 2383 1300 re-

402 1331 589 1411 gnavit
626 1330 681 1384 in
719 1332 915 1384 Attiou
938 1373 953 1398 ,
997 1325 1241 1407 illiusque
1266 1344 1413 1385 aetate
1438 1326 1700 1382 diluvium
1723 1325 1913 1381 accidit
1937 1367 1953 1392 ,
1998 1324 2148 1401 quod
2173 1323 2237 1381 ab
2264 1322 2380 1402 ipso

406 1410 817 1479 denominatur,
862 1414 917 1466 &
942 1411 1014 1465 Ol
1042 1409 1298 1489 mpiadem
1321 1409 1548 1484 primam
1577 1406 1721 1461 mille
1749 1424 1806 1460 ac
1831 1404 2030 1482 Viginti
2055 1406 2206 1461 annis
2231 1422 2384 1461 ante-

408 1490 598 1549 ceffiffe
635 1490 912 1567 proditum
948 1510 975 1545 e
1055 1491 1119 1545 ab
1151 1489 1415 1564 Acufiluo.
1498 1485 1774 1569 Josephum
1798 1482 2001 1542 secutus
2028 1483 2103 1541 est
2128 1484 2384 1567 Theophi-

405 1576 490 1628 lus
517 1593 533 1627 :
577 1571 847 1650 Justinum
868 1569 1153 1638 Tutianus,
1195 1569 1572 1636 Tertullianus,
1617 1568 1949 1643 Africanus:
1979 1565 2293 1635 Tutiunum,
2322 1585 2388 1624 ut-

411 1651 572 1719 solet‚
612 1653 838 1719 Clemens
861 1650 1293 1706 Alexandrinus:
1323 1652 1645 1726 Africanum
1668 1646 2016 1727 Epiphanius,
2042 1665 2199 1724 atque
2225 1652 2387 1703 Geor*

399 1738 524 1811 gius
549 1734 813 1811 Syncellus.
858 1732 981 1787 Nec
1006 1729 1316 1809 quisquam,
1359 1747 1422 1784 ut
1444 1727 1550 1803 ipse
1577 1725 1926 1782 Marshamus
1951 1723 2129 1781 noster
2153 1724 2349 1784 fatetur
2364 1769 2384 1798 ‚

411 1831 648 1891 repertus
673 1809 747 1867 est
771 1830 890 1868 ante
915 1810 1174 1887 Eusebium
1189 1854 1204 1879 ,
1229 1809 1340 1887 ,qui
1365 1807 1429 1864 de
1454 1803 1710 1863 vetustate
1736 1807 1905 1884 Mofis
1932 1804 2202 1864 detrahere
2233 1805 2400 1876 ausus*

412 1892 489 1950 fit.
545 1892 776 1969 Eusebius
812 1911 989 1949 autem
1023 1891 1086 1948 de
1125 1892 1292 1947 veteri
1319 1887 1563 1966 Mosuicae
1587 1887 1749 1945 aetatis
1776 1893 2134 1963 προχρονισμῷ
2160 1885 2389 1948 detraxit

409 1995 578 2031 annos
604 1992 916 2032 chxxx1v.
973 1973 1224 2052 Eumque
1251 1970 1543 2050 sequuntur
1566 1970 1823 2046 Scaliger,
1868 1971 2142 2038 Petuvius,
2187 1973 2386 2026 Murs-

409 2055 613 2125 humus,
631 2060 685 2112 δε
710 2077 773 2111 ex
797 2052 1186 2112 recentioribus
1214 2051 1585 2128 Chi-onologis
1597 2049 1755 2105 multi
1770 2072 1781 2103 ε
1795 2053 1907 2121 jure
1922 2070 1987 2105 an
2002 2050 2219 2122 injuria,
2237 2071 2385 2110 nunc

410 2137 633 2216 quidem
655 2138 925 2216 inquirere
949 2157 1064 2193 non
1086 2133 1234 2191 libet.
1321 2135 1403 2188 At
1425 2131 1609 2188 demus
1633 2174 1648 2199 ,
1702 2130 1888 2205 Mosen
1913 2133 2162 2186 trecentis
2186 2152 2387 2209 prope-

413 2218 640 2275 modum
667 2219 818 2274 annis
842 2218 1111 2292 juniorem
1135 2212 1286 2271 fuisse
1312 2234 1473 2291 quam
1495 2208 1776 2292 Jofiephus,
1820 2210 2152 2289 antiquitatis
2175 2210 2386 2269 fortaffe

415 2320 576 2375 quam
598 2300 832 2355 veritatis
856 2299 914 2353 in
936 2296 1033 2352 hac
1062 2316 1117 2351 re
1145 2291 1428 2358 studiosior
1452 2336 1468 2361 ,
1512 2290 1822 2356 contendit:
1859 2289 2227 2370 ponamusque
2257 2313 2403 2360 eum-A

414 2376 646 2435 floruiffe
669 2394 817 2436 aetate
843 2380 1074 2457 Cecropis
1097 2377 1258 2453 primi
1283 2373 1675 2452 Athenienstum
1696 2373 1894 2451 Regis,
1924 2370 2134 2427 Periodi
2154 2372 2391 2452 Julianae

404 2478 562 2515 ‹anno
602 2479 663 2538 3¹
685 2465 771 2534 56.
809 2455 1135 2514 antecefferit
1170 2475 1308 2513 certe
1346 2455 1504 2533 Trojae
1539 2453 1741 2511 cladem
1775 2471 2006 2532 quatuor
2041 2451 2151 2509 fere
2183 2451 2385 2512 seculis,

417 2540 551 2596 Haec
574 2540 749 2607 enim,
793 2555 854 2595 ut
875 2541 949 2595 ait
972 2543 1246 2606 Petuvius,
1290 2536 1549 2613 certiffime
1572 2534 1837 2591 inciditin
1861 2555 1972 2590 eum
1993 2539 2295 2612 annumqui
2321 2533 2407 2612 est

419 2624 534 2677 Per.
560 2621 682 2700 Jul.
715 2636 882 2698 3530.
927 2621 1079 2677 Hinc
1110 2618 1345 2698 sequitur
1362 2663 1378 2688 ,
1423 2615 1460 2673 fi
1484 2638 1672 2673 Verum
1695 2613 1797 2686 est,
1843 2614 1992 2694 quod
2017 2635 2139 2671 cum
2163 2614 2329 2698 Porph
2359 2648 2390 2659 -

421 2705 498 2755 rio
522 2700 708 2758 Suidns
729 2700 970 2778 prodidit
991 2745 1007 2770 ,
1051 2699 1512 2756 Sanehuniutonem
1539 2716 1782 2775 tempore
1808 2699 1941 2752 Belli
1964 2696 2180 2776 Trojuni
2204 2693 2289 2752 fui
2329 2707 2403 2766 e,l

423 2801 549 2838 eum
571 2781 957 2862 quadringentis
979 2780 1376 2860 propemodum
1400 2784 1552 2836 annis
1575 2779 1726 2854 Mose
1749 2776 1846 2851 offe
1871 2778 2168 2851 juniorem3
2206 2775 2243 2833 si
2265 2781 2326 2834 V
2317 2776 2405 2852 of-⁴

409 2863 483 2938 fio
509 2869 563 2920 &
589 2867 843 2942 Scaligero
869 2861 1247 2920 consciscamus
1272 2907 1287 2930 ,
1332 2863 1504 2919 multo
1531 2859 1787 2938 pluribus,
1863 2859 1936 2914 Et
1957 2855 2046 2913 hic
2069 2855 2229 2914 nobis
2251 2861 2389 2912 Suu-

418 2941 693 3079 cfiiouniaton
715 2943 940 3002 idoneus
964 2965 1143 3002 ear-um
1164 2945 1546 3024 antiquitatum
1569 2938 1712 2997 testis
1737 2941 1861 3007 erit,
1887 2959 2001 3018 quae
2026 2939 2194 3016 Mosts
2216 2957 2390 2997 aevum

465 3032 700 3103 iperant?

509 3109 660 3164 XVI.
705 3111 788 3166 At
824 3105 950 3189 sua,
1006 3107 1302 3188 inquiunt,
1347 3127 1412 3166 ex
1444 3102 1801 3184 antiquissimis
1835 3104 2166 3161 monumentis
2201 3095 2387 3239 Ιὲαιὲὶίὶτ.

2255 3200 2281 3237 e
2322 3199 2389 3253 ο,
