2539 3612
342 141 460 223 ‚433
881 131 1297 190 Dua-ruini:
1341 141 1436 184 DE
1481 124 1835 183 LEGIONE·

351 243 542 326 colligi
589 237 766 323 potest
791 242 809 311 ζ
867 233 1020 315 quod
1067 228 1369 292 adhucdum
1405 231 1659 289 columna
1712 227 1877 304 exstet
1916 227 2156 289 victoriis
2182 228 2370 295 ‘Marci

356 327 653 405 exsculpta,
699 323 758 378 in
795 338 900 398 qua
937 319 1118 396 imago
1157 313 1380 395 quidem
1417 311 1644 393 expreffa
1666 311 1821 387 hujus
1847 313 1926 368 rei
1953 329 2060 371 tam
2087 313 2368 396 insigniter

353 408 509 491 gestae
545 404 757 471 visitur,
803 398 892 457 sed
924 400 990 457 iis
1026 397 1182 478 plane
1220 395 1415 477 figniS,
1459 398 1521 453 ut
1555 393 1713 471 Jovis
1739 392 1937 453 imbres
1970 394 2174 466 dantiS,
2219 403 2274 455 &
2300 400 2370 457 il-

355 494 422 553 lis
447 490 658 567 fulgura
682 479 1018 541 admiscentis
1035 525 1051 552 ‚
1096 477 1434 562 repraesentet
1461 476 1698 557 effigiem
1714 521 1730 547 ‚
1757 499 1919 557 quam
1944 499 2009 534 ex
2038 499 2097 537 ea
2122 480 2377 560 graphice

359 569 581 629 incisam
623 568 879 623 Baronim
917 561 1151 622 exhibet.
1224 560 1343 621 >Sed
1368 561 1687 634 accuratius,
1732 576 1796 617 ut
1818 556 2080 634 arbitror,
2127 563 2372 640 Castalius.

365 650 581 710 Confer
634 646 1009 706 Bibliothecam
1062 650 1381 704 Vaticanam
1419 646 1625 725 Angelz'
1646 670 1648 673 ’
1666 642 1879 702 Rocchae.
1912 664 1972 727 p.
2020 646 2156 705 288.
2190 712 2192 714 V
2261 646 2379 725 Qi

363 752 543 791 autem
575 732 710 808 Jovi
748 731 944 789 Pluvio
975 726 1025 785 se
1051 729 1334 785 vi8coriam
1360 728 1504 783 illam
1533 724 1725 783 debere
1754 743 1862 782 tam
1893 724 2089 805 insigni
2113 725 2373 803 profeffus

367 813 444 871 est
479 830 843 872 monumento
864 857 879 881 ‚
925 808 1210 888 quomodo
1252 811 1293 865 is
1333 807 1547 886 publice
1576 808 1633 862 in
1658 804 1783 862 foro
1810 809 2047 883 proponi
2072 805 2212 881 jussit
2240 808 2375 866 Edi-

365 896 512 954 &um
529 941 544 968 ,
590 915 701 974 quo
735 890 1059 961 Christiani,
1102 891 1255 970 Jovis
1276 890 1431 966 jurati
1459 882 1634 944 hostes
1651 928 1670 960 2
1695 908 1761 942 eo
1788 887 2014 942 nomine
2039 886 2375 946 honoraren-

367 984 487 1036 tur?

451 1063 633 1117 XVII.
682 1055 785 1115 Sed
810 1076 907 1112 nec
934 1053 1067 1110 servi
1098 1051 1244 1110 istius
1270 1074 1459 1131 poena,
1506 1052 1602 1129 qui
1630 1049 1702 1106 ob
1731 1046 2025 1106 accusatum
2054 1046 2378 1106 Christiani-

369 1142 492 1196 tatis
525 1141 844 1196 Dominum
882 1133 1035 1191 suum
1072 1135 1473 1212 Apollonium,
1519 1129 1895 1208 crurifragium
1935 1127 2101 1207 paffus
2141 1127 2215 1184 est
2242 1148 2382 1187 tem—-

369 1241 503 1298 pore
542 1217 874 1286 Commodi,
921 1215 1156 1273 edictum
1190 1214 1298 1270 hoc
1330 1212 1501 1270 valide
1531 1210 1648 1268 satis
1675 1210 1871 1268 firmat.
1961 1211 2111 1265 Nam
2139 1230 2238 1266 nec
2263 1231 2385 1289 poe-

370 1322 454 1358 nae
493 1299 692 1380 species
728 1299 989 1356 convenit
1017 1302 1224 1375 (quum
1259 1295 1530 1363 edi8cum‚
1577 1291 1756 1350 saltem
1794 1291 1836 1349 fi
1873 1289 2135 1370 praetensae
2165 1291 2243 1346 illi
2268 1295 2387 1370 epi-

371 1380 516 1438 stolae
556 1381 800 1441 standum
847 1379 940 1454 fit,
983 1377 1418 1434 vivicomburmm
1454 1375 1641 1432 statuat
1653 1399 1669 1441 3
1712 1372 1821 1428 haec
1858 1390 2035 1427 autem
2066 1368 2291 1427 ¹historia
2317 1372 2381 1429 de

372 1467 683 1545 crurifragio
709 1464 985 1543 loquatur)
1005 1463 1060 1516 &
1086 1457 1197 1537 ipse
1213 1459 1544 1536 Apollonius
1561 1449 1976 1508 Christianitatis
2002 1470 2140 1517 rem,
2155 1453 2376 1510 Senatus

372 1543 635 1603 sententia
660 1547 847 1624 capitis
881 1541 1158 1602 damnatus
1185 1538 1275 1595 est.
1337 1532 1493 1612 Qid
1520 1553 1651 1609 ergo
1681 1530 1990 1589 Christiano
2016 1532 2097 1586 illi
2123 1531 2383 1591 Edictum

378 1625 555 1682 Marci
582 1624 828 1703 profuit?
1308 1647 1310 1649 ·
1410 1692 1414 1695 -

459 1705 678 1766 XVIII.
721 1703 983 1777 Denique
1011 1696 1163 1774 quod
1188 1714 1252 1749 ex
1274 1692 1514 1773 Ulpiano
1539 1689 1840 1770 profertur,
1868 1713 1936 1749 an
1961 1688 2069 1746 huc
2096 1693 2390 1769 pertineat,

380 1786 578 1844 merito
614 1779 968 1839 dubitaveris:
1013 1796 1139 1831 nam
1171 1779 1231 1830 ’δε
1264 1776 1410 1848 μέγα
1435 1773 1551 1830 λίαν
1581 1770 1778 1849 &ln-nmo
1803 1771 1879 1830 est
1897 1769 2195 1853 Judaicam
2214 1775 2391 1857 fhper..

372 1865 636 1946 stitionem
661 1861 725 1919 de
757 1857 1051 1938 Chrzstiana
1075 1858 1323 1935 religione
1355 1856 1693 1935 interpretari
1708 1881 1724 1924 3
1770 1859 1824 1911 δε
1851 1853 2079 1912 dubium
2103 1876 2168 1911 an
2198 1855 2261 1912 de
2287 1879 2395 1915 no-

384 1944 492 2008 stro
525 1945 607 2002 ibi
632 1945 909 2002 Antonino
947 1938 1121 1997 sermo
1148 1937 1235 1995 fit:
1282 1942 1368 2007 δε,
1413 1936 1452 1994 fi
1479 1939 1564 1995 vel
1591 1936 1701 1995 haec
1729 1939 1916 1995 omnia
1941 1954 2083 1994 certa
2115 1934 2313 2012 essent,
2336 1938 2395 1999 id

385 2043 567 2085 tamen
591 2027 860 2084 incertum
876 2065 896 2097 ,
918 2044 987 2080 an
1011 2018 1293 2078 occasione
1320 2017 1478 2093 hujus
1494 2020 1748 2075 ‘miraculi
1771 2017 1879 2074 hoc
1907 2020 2280 2098 qualecunque
2308 2041 2396 2078 re..

384 2108 646 2189 scriptum
663 2107 734 2165 ab
763 2102 1183 2187 Imperatoribus
1211 2102 1558 2160 emanaverit:
1585 2102 1700 2156 imo
1727 2100 1810 2154 uti
1833 2121 1862 2154 a
1888 2103 2114 2155 Barom'o
2144 2099 2394 2158 observa-

388 2205 506 2246 tum
523 2235 540 2261 ,
576 2192 839 2269 temporis
863 2190 998 2245 ratio
1023 2182 1233 2266 prorsus
1256 2198 1531 2260 repugnat.
1575 2186 1704 2258 Qa
1732 2189 1954 2258 propter
1978 2176 2281 2237 ea'jAlciati
2304 2203 2396 2239 ex-⁶

386 2270 619 2351 pofiti0‚
667 2291 867 2328 temere
895 2268 958 2326 ab
986 2270 1100 2324 aliis
1126 2281 1363 2342 arrepta,
1406 2261 1646 2340 displicet
1669 2263 1910 2319 Antonio
1936 2259 2260 2342 Augustin0‚
2301 2263 2397 2320 Li·

390 2352 493 2408 bro
520 2353 773 2432 singulari
796 2350 861 2407 ad
882 2347 1259 2424 Modestinum.

473 2437 623 2491 XIX.
671 2437 810 2505 Quae
848 2448 1018 2507 quum
1054 2428 1111 2482 in
1145 2426 1397 2485 utramvis
1430 2442 1634 2505 partem
1671 2445 1795 2482 non
1828 2420 2261 2503 improbabiliter
2289 2428 2396 2489 dis-a

398 2529 689 2592 putentur,
728 2531 847 2569 rem
883 2508 1009 2565 haut
1052 2509 1313 2587 ingratam
1347 2505 1588 2566 studiosis
1625 2529 1711 2564 me
1750 2505 2014 2563 faeturum
2051 2505 2311 2582 arbitror,
2356 2511 2399 2571 fi

386 2586 534 2671 vquid
578 2615 643 2649 cx
683 2611 812 2650 vero
855 2588 1192 2647 statuendum
1235 2589 1297 2647 fit
1340 2599 1636 2669 exponam,
1683 2593 1739 2644 δε
1762 2606 2026 2667 quantum
2050 2585 2273 2672 suscepti
2297 2613 2397 2650 ne·-

399 2675 544 2752 gotii
569 2675 704 2730 ratio
730 2674 962 2750 patitur,
1006 2669 1172 2727 firmis
1196 2672 1253 2729 id
1276 2674 1607 2753 argumentis
1633 2670 1888 2730 addicam.
1935 2675 2123 2750 Atque
2148 2672 2257 2730 haec
2272 2675 2399 2753 qui·-

403 2755 529 2812 dem
573 2777 691 2811 mea
725 2749 799 2808 est
827 2751 1115 2811 sententia:
1161 2755 1321 2810 nimis
1348 2753 1482 2812 hanc
1506 2752 1782 2811 historiam
1807 2751 1873 2809 ad
1889 2750 2018 2828 Jesu
2042 2753 2246 2812 christi
2268 2757 2398 2814 Do·-

401 2838 544 2893 mini
577 2838 799 2917 Deique
828 2833 996 2892 nostri
1021 2835 1275 2914 gloriam,
1320 2838 1481 2895 nimis
1509 2836 1572 2895 ad
1594 2836 1786 2917 populi
1812 2832 2106 2894 Christiani
2130 2836 2289 2895 decus
2313 2835 2394 2895 fa-

403 2938 554 2988 cere,
579 2940 743 2998 quam
766 2934 828 2974 ut
851 2939 950 2996 pro
982 2939 1040 2975 ea
1067 2916 1261 2975 tuenda
1283 2917 1499 2976 homini
1524 2921 1652 2998 pio,
1677 2937 1961 2998 rerumque
1989 2915 2094 2976 huc
2116 2921 2393 2999 pertinen·-

402 3001 543 3057 tium
565 3020 733 3082 gnaro
750 3040 770 3074 ‚
813 2998 1163 3058 laborandum
1186 3021 1300 3057 non
1326 2999 1414 3059 fit:
1459 2998 1790 3058 firmioribus
1818 3021 2038 3081 quoque
2063 3022 2181 3058 eam
2208 2997 2390 3059 tibici-

402 3079 564 3142 nibus
599 3083 732 3158 niti,
776 3102 938 3163 quam
979 3099 1040 3142 ut
1078 3100 1386 3144 commenta
1419 3083 1710 3164 gentilium
1743 3084 1796 3141 ei
1841 3082 2201 3143 convellenda:
2243 3078 2387 3216 paria

2275 3174 2382 3217 mt:
