2539 3612
687 169 735 225 L
778 185 801 225 1
844 186 896 226 Β.
940 168 1020 224 11.
1111 166 1162 224 C
1206 186 1250 227 A
1292 182 1345 225 ι».
1399 168 1495 225 xi.
1998 181 2112 256 133²

123 296 295 356 quum
330 273 470 333 solus
504 269 627 330 esset
671 272 730 328 in
766 287 901 328 terra
937 273 1246 350 peregrina,
1292 289 1504 330 tantum
1526 295 1554 330 a
1577 270 1795 346 socer0,
1839 293 2050 338 tantum
2076 303 2104 337 a

122 358 476 423 mulierculis,
520 372 648 432 quas
672 370 855 409 natura
890 352 954 410 ad
976 349 1409 431 superstitionem
1442 376 1637 433 pronas
1664 355 1917 416 effinxisse
1952 361 2105 419 vide-

121 454 235 510 tur,
278 441 556 515 impetrare
581 454 696 489 non
721 436 932 509 potuit,
976 451 1039 490 ut
1061 435 1162 490 alte
1187 433 1418 493 infixum
1442 458 1678 496 errorem
1702 437 1912 518 prorsus
1937 445 1992 498 δέ
2018 440 2106 499 su-

121 516 240 576 bito
278 517 624 594 deponerent.
712 515 796 570 Ex
830 516 971 571 illius
1008 536 1138 595 ergo
1174 514 1350 593 priscae
1390 515 1776 595 superstitionis
1800 524 1969 579 veteri
1995 523 2104 580 fer-

119 615 304 655 mento
343 595 475 664 fuit,
519 616 635 652 non
672 615 734 651 ex
770 596 887 651 zelo
922 593 1216 654 secundum
1250 594 1557 669 scientiam,
1603 601 1754 680 quod
1790 602 2106 685 Theraphim

112 676 288 734 secum
312 675 572 755 asportare
599 677 657 732 in
681 677 924 733 animum
948 673 1102 734 filum
1124 676 1318 734 Rachel
1349 678 1634 738 induxerit.
1723 682 1925 764 Neque
1951 685 2104 743 vide-

113 775 200 815 tur
222 780 338 815 earn
366 755 588 837 fugisse,
632 756 782 815 valde
819 757 1104 816 consilium
1139 757 1246 816 hoc
1281 762 1475 817 marito
1501 758 1651 818 fuiffe
1679 762 2069 842 displiciturum
2085 793 2102 837 ;

109 859 274 917 quem
298 861 414 896 non
437 836 722 919 ignorabat
743 838 908 918 longe
935 841 1085 897 aliter
1107 861 1164 896 ac
1191 837 1300 918 ipsa
1324 862 1448 920 erga
1472 841 1786 926 Theraphim
1807 848 2103 906 animatum

111 917 225 977 effe.
313 920 443 978 Ideo
488 942 554 977 ue
581 919 784 979 summa
810 941 932 976 cura
959 943 1074 979 non
1100 924 1351 979 maritum
1377 924 1554 980 minus
1580 947 1742 1004 quam
1765 946 1972 1005 patrem
1985 951 2101 987 eam

106 1018 220 1057 rem
242 1002 378 1059 clam
401 943 590 1059 haiiauit
612 1026 627 1071 3
671 998 859 1075 justam
882 1001 1158 1082 utriusque
1183 1001 1652 1081 reprehensionem
1687 1011 1869 1066 verita.

185 1087 289 1140 IV.
334 1084 484 1140 Nam
522 1082 673 1163 quod
711 1081 972 1162 Jacobnm
1010 1105 1232 1164 quoque
1272 1083 1610 1164 Theraphim
1645 1094 1700 1143 in
1720 1088 1915 1162 summo
1932 1099 2101 1175 pretio

107 1175 186 1221 (9⁰
210 1163 393 1220 honore
425 1162 635 1236 hahuiffi?
671 1161 957 1241 suspicatur
1002 1171 1275 1249 Spencerus
1302 1210 1318 1235 ,
1373 1168 1433 1224 in
1468 1188 1536 1223 eo
1572 1171 1876 1226 convitium
1902 1173 2099 1252 insigni

104 1246 222 1303 viro
260 1244 408 1302 dicit.
467 1245 648 1301 Citius
680 1266 742 1301 ex
771 1247 985 1323 pumice
1011 1269 1203 1326 aquam
1228 1249 1499 1317 elicueriS,
1527 1271 1689 1327 quam
1716 1248 1772 1306 id
1795 1272 1858 1308 ex
1869 1253 2094 1331 Jacobi‚

103 1346 222 1404 quae
249 1324 555 1393 laudantur,
600 1324 793 1381 verbis.
881 1326 1086 1384 Ideone
1114 1325 1164 1385 se
1191 1331 1249 1386 in
1286 1330 1636 1386 veneratione
1663 1330 1980 1414 Theraphim
2003 1334 2098 1392 ha-

100 1403 227 1462 bere
263 1403 611 1482 protestatur,
657 1406 784 1482 quia
813 1426 1012 1461 eorum
1047 1406 1226 1463 furem
1264 1409 1329 1464 ad
1353 1431 1542 1466 necem
1567 1432 1624 1466 ac
1650 1413 1840 1470 malam
1864 1435 1978 1472 rem
2006 1415 2099 1473 of—

101 1482 240 1542 fert?
285 1484 447 1542 Nihil
474 1482 722 1564 profe&o
749 1486 946 1542 minus.
1035 1486 1138 1543 Sed
1164 1487 1472 1565 indignatus
1502 1491 1870 1567 importunam
1894 1495 2098 1554 Labant?

104 1564 491 1645 suspicionem,
516 1563 723 1646 suaeque
753 1564 852 1623 fibi
877 1567 1207 1624 innocen-tiae«
1234 1566 1504 1637 consciuS,
1532 1591 1589 1626 ac
1616 1569 1828 1629 familiae
1855 1574 1952 1631 suae
1980 1576 2099 1635 san-

102 1648 283 1706 &itate
309 1647 598 1727 indignum
636 1665 806 1717 ratus,
851 1647 1003 1728 quod
1028 1646 1161 1706 furti
1194 1647 1613 1719 insimularetur,
1658 1657 1713 1709 &
1740 1660 1848 1728 ejus
1875 1657 2097 1734 quidem

104 1727 348 1807 surreptae
372 1732 478 1798 rei,
524 1749 639 1808 quae
674 1730 757 1785 uti
792 1728 1002 1787 Labano
1040 1728 1429 1810 antiquiffima‚
1473 1734 1547 1789 ita
1571 1731 1669 1790 fibi
1692 1732 1899 1816 suaeque
1938 1736 2099 1795 fami-

105 1811 187 1867 liae
210 1808 331 1866 usus
356 1830 472 1867 non
497 1828 633 1879 erat,
679 1829 804 1866 cum
830 1813 1038 1888 impetu
1062 1811 1300 1888 quodam
1325 1814 1599 1892 animique
1625 1813 1863 1888 fervore,
1909 1840 1971 1874 ne
2008 1826 2099 1876 vi-

105 1907 231 1960 vat,
276 1893 485 1970 inquit,
521 1909 673 1972 penes
700 1912 846 1968 quem
868 1897 1127 1948 inveneris
1152 1896 1440 1964 Deos-tuos.
1525 1901 1589 1952 In
1615 1896 1813 1975 quibus
1835 1896 2009 1957 verbis
2024 1901 2100 1958 est

109 1972 364 2030 Deorum
389 1973 633 2039 illorum,
680 1973 776 2051 qui
812 1969 1026 2050 seipsos
1067 1970 1373 2030 conservare
1411 1996 1526 2032 non
1550 1986 1814 2056 ?poterant
1849 1985 2097 2068 ἐξεῇενισ-

110 2053 202 2129 μός
238 2059 293 2110 &
327 2070 633 2109 contemtus
669 2051 994 2110 manifestus.
1083 2054 1224 2111 Non
1263 2054 1394 2111 dicit
1417 2058 1573 2114 Deos
1598 2057 1935 2136 simpliciter,
1980 2086 2096 2122 non
2142 2117 2146 2121 .

111 2133 323 2191 nostros
356 2135 540 2204 Deos»,
587 2131 675 2191 sed
707 2150 816 2189 tuos
852 2137 1020 2205 Deos,
1065 2134 1262 2214 quibus
1298 2139 1534 2214 opponit
1577 2143 1745 2202 Deum
1779 2147 1958 2199 Patris
1979 2144 2093 2218 sni,

111 2218 285 2272 ,Deum
311 2214 615 2273 Abrahami
641 2226 719 2272 (φ
736 2234 989 2299 pavorem
1010 2216 1208 2293 Isaaci,
1233 2238 1344 2295 quo
1370 2217 1586 2283 custode
1615 2221 1855 2281 adversus
1884 2225 2093 2283 fraudes

109 2318 167 2355 ac
203 2299 317 2353 vim
339 2295 543 2353 Labieni
580 2314 724 2359 tutus
759 2297 1030 2355 manserat.
1078 2297 1226 2354 Gen.
1265 2318 1426 2356 XXXI:
1458 2321 1655 2378 3-2.42.
1745 2303 1879 2362 Istos
1915 2324 2094 2364 autem

109 2376 317 2436 Labant·
349 2380 535 2446 Deos,
580 2375 619 2433 fi
654 2378 718 2436 ad
749 2379 879 2436 illud
913 2377 1079 2459 usque
1118 2398 1328 2458 tempus
1366 2378 1665 2459 superstites
1701 2384 1758 2441 in
1784 2383 1984 2443 familia
2008 2386 2094 2444 sua

109 2458 427 2529 manserint,
471 2481 577 2515 una
599 2479 722 2516 cum
746 2461 964 2540 reliquis
988 2461 1301 2520 idololatriae
1329 2460 1725 2534 instrumentiS,
1763 2488 1878 2545 quae
1904 2465 2094 2525 fortas-

108 2539 159 2597 se
196 2562 260 2597 ex
293 2540 515 2596 Sichemi
540 2537 720 2618 spoliis
746 2585 761 2610 ,
815 2545 900 2600 vel
936 2543 1148 2601 aliunde
1187 2545 1360 2600 etiam·
1386 2541 1691 2622 supererant
1719 2588 1736 2614 ,
1786 2545 1992 2606 solicite
2026 2549 2091 2606 ad

108 2643 368 2703 quercum
391 2642 560 2700 prope
584 2622 869 2680 Sichemum
892 2623 1117 2683 defodit.
1165 2625 1313 2683 Gen.
1340 2647 1491 2683 xxxv.
1513 2647 1562 2683 2.
1584 2650 1701 2707 3.4.
1770 2630 1930 2686 Favet
1964 2629 2092 2687 huic

114 2703 478 2761 observationi
513 2701 759 2786 JOfi'phm
795 2725 812 2759 .-
868 2705 1128 2785 Jacobum
1164 2709 1306 2762 Dem
1323 2725 1419 2790 per
1451 2708 1615 2784 visum
1647 2707 1767 2764 bono
1803 2715 1975 2765 animo
2011 2713 2092 2785 ‘ff'
2113 2735 2254 2777 Lib.1.

95 2786 269 2863 juffit3
311 2805 376 2842 aa·
397 2784 580 2863 lustare
603 2790 1128 2870 tentoriumimperat.
1215 2792 1398 2868 Itaque
1418 2788 1542 2846 ditm
1565 2789 1772 2868 lustrat,
1816 2791 2004 2848 incidit
2033 2798 2089 2848 in
2112 2801 2192 2844 ⁶³9·
2215 2802 2304 2830 ⁸1²³·

106 2866 314 2925 Labam'
336 2870 475 2923 Deos
501 2864 803 2940 (nesciverat
825 2872 960 2924 enim
985 2869 1257 2927 Rachelem
1286 2893 1367 2927 eos
1376 2874 1643 2950 furatam)
1669 2870 1750 2928 his
1767 2871 1917 2953 apud
1947 2878 2085 2930 Sici-

105 2969 247 3006 mam
272 2947 470 3026 defhffis
495 2954 549 3004 in
574 2964 764 3004 terram
779 2945 869 3023 snb
890 2949 1115 3027 quadam
1145 2973 1328 3031 querca
1354 2966 1475 3011 (fc.
1518 3017 1522 3019 λ

187 3034 260 3088 V.
307 3028 504 3089 Miehae
552 3028 752 3086 facium
785 3028 936 3107 quod
970 3033 1162 3090 attinet
1183 3079 1199 3104 ‚
1255 3035 1483 3112 plurima
1518 3036 1583 3089 in
1596 3053 1667 3090 eo
1696 3031 1844 3104 sunt,
1888 3057 2003 3115 quae
2029 3037 2086 3093 id

101 3108 552 3192 superstitiosum,
595 3110 992 3171 idololatricum
1016 3156 1033 3185 ,
1075 3111 1317 3195 adeoque
1354 3112 1561 3196 prorsus
1598 3115 1898 3175 illaudabile
1934 3115 2086 3175 fuiffe

1113 3194 1167 3250 R
1216 3218 1239 3271 3
2014 3218 2098 3254 at-
