2539 3612
400 221 471 274 72
974 200 1945 255 AEGYPTrA‘coRuM

401 312 461 363 ni
492 306 628 364 reihe
674 310 728 363 &
754 309 1016 387 Scriptum
1051 300 1149 380 ipfi
1184 301 1356 358 multo
1406 299 1574 380 magis
1610 296 1730 357 sunt
1764 295 2130 358 consentanea.
2345 359 2349 363 ,

475 392 555 447 V.
622 386 918 444 Abrahami
961 382 1271 440 vernaculos
1317 383 1528 440 tantillo
1568 403 1680 462 quo
1715 382 1774 439 in
1810 387 2044 461 AEgypto
2081 377 2269 438 versati
2302 380 2424 442 sunt

400 487 644 548 tempore
683 485 827 523 tanta
863 466 1304 544 AEgyptiacarum
1342 464 1802 543 imaguncularum
1836 465 2099 542 religione
2136 460 2286 519 fuisse
2313 465 2420 520 im-

403 547 564 606 butos
589 591 604 617 ‚
659 566 719 603 ut
756 568 880 602 cum
917 543 1031 624 ipso
1068 547 1125 601 in
1159 546 1383 622 patriam
1410 544 1627 602 reduces
1651 587 1665 614 ,
1723 542 2025 601 Chaldaeam
2049 565 2273 600 omnem
2291 547 2424 602 cum

404 632 599 687 vicinis
625 626 941 706 regionibus
967 625 1119 682 brevi
1142 624 1328 683 eadem
1353 623 1723 703 superstitione
1750 625 2090 703 impleverint
2114 668 2129 693 ,
2181 621 2295 681 'tam
2319 627 2426 682 im-

402 732 557 767 mane
585 708 730 764 diem
757 706 858 777 cst,
888 726 950 764 ut
975 705 1090 785 ipso
1117 707 1515 786 propemodum
1539 704 1673 762 sono
1697 705 1979 762 horrorem
2003 705 2242 762 audienti
2270 708 2426 763 incu-

401 791 510 847 tiat.
597 784 757 861 Nam*
781 809 957 866 neque
997 790 1281 866 cognitum
1317 787 1373 845 id
1406 788 1665 866 temporis
1702 788 1964 866 AEgyptiis
2000 792 2089 842 τῶν
2114 785 2430 869 Theraphz'm

406 891 610 928 nomen
636 867 785 926 fuiffe
810 871 923 925 ullo
950 886 1267 946 argumento
1296 867 1570 947 probatur.
1613 867 1816 947 Neque
1843 866 2145 924 Abrahami
2170 864 2428 923 domesti⁴

404 972 495 1008 eos
532 953 624 1029 qui
663 952 919 1028 pietatem
953 950 1192 1005 Domini
1228 967 1336 1005 tam
1373 947 1642 1007 immensis
1681 948 1877 1026 opibus
1902 950 2082 1028 augeri
2108 947 2426 1017 cernebant,

402 1030 475 1087 ob
513 1029 785 1110 prosperas
823 1030 1202 1110 AEgyptiorum
1240 1046 1320 1086 res
1346 1029 1585 1108 ipsorum
1608 1026 2005 1106 superstitiones
2033 1029 2303 1106 amplexos
2328 1026 2428 1086 effe

401 1110 655 1171 credibile
682 1110 771 1169 est.
831 1113 903 1168 Et
926 1109 1295 1168 Abrahamum
1320 1132 1559 1188 unquam
1583 1108 1648 1166 ad
1674 1108 1951 1166 Chaldaeos
1979 1109 2182 1166 rediiffe
2208 1153 2223 1178 ,
2267 1111 2429 1188 gratis

404 1192 643 1251 filmitur.
732 1197 814 1250 At
840 1190 1142 1249 Abraham
1167 1190 1514 1269 popularibus
1541 1195 1595 1245 &
1621 1187 2035 1266 consanguineis
2058 1232 2073 1257 ‚
2130 1209 2158 1242 e
2195 1209 2430 1266 quorum

400 1275 583 1332 medio
612 1271 832 1352 egressus
861 1272 935 1329 est
963 1317 978 1341 ‚
1024 1269 1108 1330 ‘ric
1130 1270 1447 1352 Theraphim
1476 1273 1531 1328 in
1557 1269 1903 1327 veneratione
1930 1266 2078 1324 fuiffe
2104 1311 2120 1336 ,
2166 1267 2221 1325 id
2245 1271 2423 1326 enim-⁵

399 1376 530 1412 vero
558 1357 827 1433 Scriptura
852 1353 1094 1411 edifferit.
1132 1351 1504 1408 Abrahamum
1529 1348 1702 1428 ipsum
1723 1345 1980 1403 Deastros
2006 1349 2125 1403 illos
2149 1345 2432 1406 abomina-

401 1454 519 1494 tum
545 1480 560 1505 ‚
617 1456 793 1513 neque
826 1436 884 1491 in
908 1431 1327 1489 domesticorum
1350 1430 1568 1486 suorum
1596 1427 1952 1506 suppelleCiile
1978 1428 2275 1507 perpessum
2301 1431 2429 1497 effe,

401 1517 624 1598 insignis
660 1517 761 1572 viri
786 1515 950 1594 pietas
974 1512 1126 1587 jubet
1149 1530 1210 1568 ut
1234 1510 1521 1568 credamus.
1608 1512 1853 1566 Tantum
1877 1526 2056 1566 tamen
2083 1507 2288 1566 efficere
2315 1531 2429 1567 non

399 1600 584 1676 potuit
620 1615 682 1652 ut
717 1617 780 1658 ex
814 1596 998 1652 animo
1039 1599 1092 1650 &
1134 1590 1332 1649 aedibus
1371 1590 1543 1649 fratris
1580 1586 1658 1647 sui
1693 1588 1952 1646 Nachoru
1978 1611 2071 1646 eos
2097 1588 2429 1659 exturbaret3

400 1680 544 1736 unde
573 1676 755 1735 Laban
778 1674 1038 1733 Nachoris
1063 1695 1231 1752 nepos
1257 1719 1273 1743 ‚
1329 1678 1426 1729 avi
1437 1673 1521 1749 sui.
1548 1675 1683 1729 Deos
1709 1674 1820 1728 Deo
1848 1668 2153 1727 Abrahami
2174 1674 2425 1751 opponit.

404 1760 555 1819 Gen.
584 1778 741 1816 XXXI.
777 1776 800 1835 5
816 1779 862 1836 3.
951 1760 1137 1836 Atque
1163 1753 1250 1810 hic
1276 1753 1351 1809 est
1375 1755 1461 1810 ille
1486 1751 1668 1809 Laban
1695 1794 1711 1820 ,
1757 1752 1854 1829 qui
1879 1749 2144 1828 surreptos
2169 1751 2266 1807 fibi
2289 1754 2346 1809 T
2340 1753 2429 1808 loe-

401 1840 606 1924 raphim
631 1843 861 1896 Deorum
873 1838 1075 1916 suorum
1101 1837 1325 1892 nomine
1353 1832 1534 1890 salutat
1556 1857 1573 1902 3
1631 1836 1686 1888 &
1713 1852 1776 1888 cx
1803 1835 1948 1904 cujus
1973 1829 2170 1889 aedibus
2198 1854 2292 1911 per
2318 1837 2429 1890 Ra-

401 1921 592 1979 chelem
617 1919 784 1977 filiam
810 1922 867 1977 in
892 1916 1088 2000 Jacobi
1112 1914 1372 1972 familiam
1396 1912 1628 1971 transsati
1655 1911 1790 1969 sunt.
1859 1911 1963 1969 Sed
1986 1914 2160 1969 invito
2189 1917 2306 1971 viro
2332 1936 2430 1971 an-

400 2005 562 2082 tiquae
586 2004 798 2081 pietatis
826 2026 838 2058 :
896 2001 993 2080 qui
1018 1995 1223 2054 Bethele
1246 1994 1382 2053 sacra
1403 1998 1534 2053 Deo
1561 1991 1667 2051 Sos
1694 1994 1876 2050 itatori
1901 1990 1994 2048 suo
2019 1991 2248 2053 faeturus
2272 2039 2288 2065 ,
2346 2015 2431 2053 rc«

404 2087 615 2140 moveri
651 2084 888 2161 primum
922 2084 1076 2139 Deos
1118 2079 1320 2136 alienos
1344 2075 1484 2151 jussit
1508 2119 1523 2144 ,
1578 2073 1642 2130 ab
1670 2072 1963 2153 conditque
1988 2094 2079 2130 eos
2105 2072 2198 2131 sub
2227 2097 2428 2156 quercu

400 2185 518 2245 quae
541 2185 711 2242 prope
735 2162 1023 2219 Sichemum
1048 2158 1141 2216 est.
1204 2160 1351 2215 Gen.
1379 2177 1540 2215 xxxv.
1575 2175 1623 2211 2.
1652 2177 1708 2233 4.
1797 2161 2060 2234 Qaenam
2090 2157 2146 2213 in
2175 2174 2294 2216 toto
2319 2157 2427 2216 hoc

401 2247 631 2324 negotio
660 2248 927 2326 AEgyptiis
954 2240 1144 2298 reli&ae
1169 2256 1338 2316 partes
1363 2235 1519 2295 sunt?

483 2331 586 2383 VI.
653 2325 838 2402 Urget
878 2321 1100 2401 quidem
1136 2318 1414 2376 Kircherus
1447 2320 1872 2397 originationem
1905 2319 2053 2374 vocis
2085 2319 2142 2374 T
2134 2318 2255 2376 hera
2289 2317 2428 2392 him,

409 2427 572 2487 quam
595 2406 971 2484 ,ffigyptiacam
994 2445 1011 2470 ‚
1067 2400 1318 2479 idemque
1345 2400 1495 2480 quod
1517 2405 1720 2483 Serapis
1744 2396 1840 2455 esse
1867 2442 1884 2469 ,
1928 2420 2128 2478 magno
2155 2338 2285 2458 nistiv
2295 2421 2432 2460 con-

411 2486 587 2545 tendit
609 2510 625 2554 ;
670 2506 842 2566 quum
865 2483 1123 2541 familiare
1152 2480 1413 2540 Chaldaeis
1438 2481 1498 2539 fit
1523 2502 1561 2541 w
1584 2526 1601 2551 ‚
1645 2498 1734 2538 aut
1759 2498 1788 2538 x
1810 2523 1826 2549 ‚
1872 2482 1957 2538 vel
1982 2501 2011 2540 ο
2035 2523 2051 2549 ,
2095 2483 2153 2537 in
2177 2501 2240 2551 n,
2284 2484 2368 2539 vel
2394 2505 2428 2544 ω

413 2586 636 2626 mutare.
719 2564 887 2623 Unde
924 2563 1059 2622 hanc
1094 2563 1240 2619 elicit
1275 2561 1714 2621 conclusionem:
1771 2564 1949 2641 Qum
1984 2568 2156 2640 itaque
2188 2560 2431 2620 Hebraeo-

414 2648 640 2709 Chaldaez'
689 2653 743 2703 z'n
791 2649 1017 2729 AEgypto
1060 2643 1325 2728 Serapidis
1362 2646 1502 2701 cultu
1548 2642 1729 2701 imbuti
1763 2686 1780 2712 ‚
1846 2648 2051 2726 Serapis
2094 2663 2273 2700 nomen
2305 2646 2428 2722 fre-

411 2746 618 2809 quenter
651 2733 961 2809 ingeminari
997 2724 1236 2782 audirent
1259 2771 1274 2796 ‚
1333 2737 1412 2784 ΕΤ
1448 2727 1538 2808 ipsi
1571 2724 1713 2782 idola
1748 2726 1852 2804 ejus
1888 2744 1991 2780 una
2014 2743 2128 2779 cum
2147 2730 2349 2782 nomine
2372 2733 2431 2784 in

412 2810 706 2867 Chaldaeam
737 2808 1043 2865 adducentes
1067 2850 1084 2876 ‚
1141 2806 1199 2862 id
1211 2805 1309 2884 fibi
1323 2825 1418 2889 pro
1454 2811 1588 2864 rium
1600 2808 1837 2885 fecerunt
1857 2849 1874 2877 ‚
1928 2826 2012 2862 eas
2037 2809 2286 2885 imagines
2307 2828 2427 2885 quus

409 2895 649 2974 AEgyptii
673 2895 886 2969 Serapes
914 2892 994 2945 illi
1021 2907 1165 2948 o'ffln
1189 2824 1489 2967 Therapfiis
1515 2908 1577 2971 ap
1615 2890 1972 2965 ellarunt,quae
1994 2906 2100 2942 vox
2112 2886 2428 2969 postmodum

402 2978 603 3056 penitus
626 2976 766 3051 juris
803 2968 1222 3046 Hebraicifaft'a
1245 3014 1262 3040 ‚
1318 2968 1520 3047 ofinali
1543 2992 1567 3025 o
1615 2966 2009 3049 fimilitudinem
2034 2973 2088 3023 in
2113 2989 2176 3026 t:
2199 2985 2427 3045 mutata,

403 3073 498 3136 pro
535 3050 835 3131 Theraphis
872 3049 1208 3129 Theraphim
1229 3050 1370 3107 dic‘la
1392 3094 1408 3121 ‚
1464 3049 1672 3108 tandem
1696 3054 1828 3105 inter
1848 3050 2075 3129 reliquas
2100 3047 2428 3109 Hebraeorum

407 3154 558 3190 voces
581 3132 917 3193 adnumerata
942 3132 1021 3211 est.
1069 3133 1154 3188 Sic
1176 3132 1280 3190 ille.

495 3217 627 3277 Vn..
663 3214 765 3275 Sed
788 3215 954 3288 multa
977 3211 1098 3279 sunt
1121 3234 1236 3295 quae
1259 3229 1481 3298 arguant
1503 3214 1561 3276 in
1584 3231 1694 3275 tam
1715 3210 2015 3275 confidenti
2038 3210 2314 3274 affertione
2337 3213 2429 3355 ᾖ
