2539 3612
678 130 726 185 L
769 145 791 185 1
832 146 885 184 Β.
927 130 1027 183 III.
1116 126 1167 184 C
1213 144 1255 187 A
1302 144 1351 186 Ρ.
1397 130 1568 188 XIV.
1992 140 2102 210 289

117 254 222 313 que
247 235 446 291 rituum
469 232 586 312 lege
611 273 627 300 ,
683 235 738 286 &
760 227 827 286 fic
863 226 993 285 fecit
1016 227 1086 284 τοὶ
1112 227 1396 306 ἀμφότερα
1434 230 1479 287 ἓν
1506 277 1521 302 ,
1566 252 1737 290 unum
1771 253 1966 312 nempe
1993 257 2097 292 no·-

118 335 247 371 vum
273 314 581 381 hominem,
638 312 732 389 qui
755 311 884 366 Deo
910 330 1029 366 non
1058 311 1115 367 in
1141 312 1458 390 antiquitate
1488 315 1650 370 literae
1677 358 1693 383 ,
1737 310 1824 370 sed
1851 315 1908 371 in
1934 319 2095 374 novi-

112 412 216 452 tate
248 397 469 473 Spiritus
490 391 720 448 serviret,

193 480 363 533 XVI.
408 472 574 531 Unde
599 472 769 550 palam
793 468 872 527 est
901 515 917 540 ,
973 488 1094 530 toto
1110 474 1259 530 -coelo
1286 494 1453 531 errare
1480 481 1780 556 Spencerum
1805 520 1820 545 ,
1878 476 2096 556 quando

114 556 395 613 contendit
430 557 503 611 ita
537 569 892 630 comparatam
940 552 1090 610 fuiffe
1137 557 1339 611 rituum
1378 555 1746 614 Molaicorum
1806 558 2103 629 rationem,

113 633 174 693 ut
211 636 459 692 Gentiles
482 677 498 704 ,
553 630 907 689 animadversa
945 635 1120 713 aliqua
1143 656 1334 691 eorum
1371 635 1619 693 cum-suis
1656 636 1847 694 ritibus
1871 635 2099 696 consen·

112 716 287 784 fione,
343 712 685 794 propensiora
700 711 966 771 haberent
996 717 1052 771 in
1077 715 1388 794 Judaeorum
1411 718 1737 797 religionem
1760 717 1960 775 studia:
2006 739 2099 776 ut-

112 816 216 874 que
242 816 299 852 ea
323 813 731 874 quantacunque
770 796 1051 851 Sacrorum
1079 798 1396 853 communio
1434 801 1643 855 animos
1669 820 1859 856 eorum
1880 799 2099 879 Judaeo-

105 897 228 932 rum
269 878 434 933 cultui
479 881 533 933 &
573 874 952 934 communioni
1004 874 1210 934 facilius
1246 876 1596 958 blandiusque
1634 879 1944 959 adjungeret
1970 925 1984 950 ,
2040 903 2095 938 ac

106 955 382 1015 devinffitos
419 957 695 1014 detineret.
786 957 994 1015 Contra
1042 956 1202 1015 docet
1238 957 1536 1038 Apostolus
1567 1004 1584 1029 ,
1638 960 1813 1018 datam
1849 959 1947 1017 esse
1990 966 2099 1018 Lea-2

104 1057 230 1116 gem
259 1056 319 1095 ut
345 1039 510 1094 veluti
535 1040 703 1116 paries
731 1039 1088 1118 intergerinus
1120 1038 1336 1115 Judaeos
1365 1062 1393 1097 a
1419 1039 1739 1098 Gentilibus
1764 1040 2094 1120 sejungeret,

104 1124 159 1174 ἃ
200 1119 403 1176 occafio
441 1117 564 1175 esset
603 1138 798 1176 mutuae
851 1121 1147 1180 inimicitiae
1174 1165 1189 1193 ,
1243 1142 1360 1178 non
1397 1120 1709 1179 dirimendae
1733 1166 1749 1193 ‚
1804 1118 1905 1179 nisi
1943 1125 2093 1202 Lege

105 1196 196 1254 ista
222 1198 433 1256 sublata.

185 1282 394 1336 XVII.
438 1280 698 1355 Denique
726 1284 780 1335 &
812 1279 899 1336 hic
927 1282 1373 1340 caerimoniarum
1415 1283 1602 1362 scopus
1638 1281 1744 1341 fuit
1771 1330 1785 1354 ,
1840 1302 1901 1342 ut
1924 1306 2093 1342 rerum

87 1358 440 1440 spiritualium
457 1357 635 1436 figurae
665 1375 823 1437 atque
854 1359 1031 1415 umbrae
1061 1362 1249 1431 effent,
1307 1372 1360 1420 ὃ(
1389 1363 1608 1420 exstaret
1633 1367 1689 1425 in
1716 1368 1781 1422 iis
1806 1366 2091 1424 artificiosa

88 1438 296 1521 ,pic‘lura
334 1438 522 1516 Christi
559 1482 575 1507 ,
631 1458 688 1495 ac
723 1440 901 1519 gra-tiae
954 1460 1047 1517 per
1087 1439 1260 1517 ipsum
1294 1443 1652 1519 impetrandae.
1709 1446 1834 1502 Col.
1873 1466 1961 1505 11:
2005 1469 2088 1516 17.

98 1523 175 1578 Et
199 1519 443 1598 profec‘io
470 1517 575 1576 fuit
598 1519 706 1577 haec
737 1519 955 1600 insignis
985 1518 1180 1578 Isra'e'lis
1204 1520 1458 1591 felicitas,
1508 1523 1686 1601 quod,
1731 1547 1842 1603 quo
1872 1545 2092 1606 tempo-

105 1622 159 1658 re
199 1600 399 1657 libebat
432 1603 561 1656 Deo
607 1598 847 1678 mysteria
870 1601 956 1657 sua
979 1624 1094 1659 non
1128 1602 1226 1659 nisi
1256 1624 1349 1680 per
1381 1605 1687 1682 aenigmata,
1738 1604 2007 1682 parabolas
2033 1614 2090 1664 ἃς

105 1681 297 1759 figuras
326 1701 629 1759 proponere
661 1724 677 1750 ,
729 1679 821 1737 has
857 1684 1077 1739 Divinae
1114 1682 1374 1740 bonitatis
1402 1705 1458 1740 ac
1498 1688 1711 1743 venturi
1749 1685 2094 1764 Sospitatoris

103 1755 331 1840 picturas
374 1762 638 1818 continuo
682 1779 801 1817 ante
829 1762 1016 1818 oculos
1052 1762 1328 1820 haberent.
1414 1766 1499 1821 Eo
1540 1768 1709 1845 magis
1743 1811 1759 1837 ,
1816 1769 1965 1845 quod
2001 1791 2096 1848 per

102 1842 422 1901 Patriarchas
446 1886 462 1912 ,
518 1840 808 1920 Prophetas
834 1887 848 1912 ,
907 1848 960 1899 &
997 1846 1092 1921 qui
1131 1843 1283 1901 abiis
1318 1845 1500 1903 edoffi
1534 1865 1680 1903 erant
1706 1892 1721 1917 ,
1778 1848 1843 1905 de
1875 1848 2097 1928 mystico

104 1923 391 1983 earundem
417 1921 740 2002 fignificam,
779 1944 878 1999 pro
904 1924 1128 1981 modulo
1156 1923 1379 1983 istorum
1405 1944 1713 2004 temporum
1742 1929 2096 1990 erudirentun

111 2025 134 2061 1
156 2011 270 2066 Pet.
297 2025 345 2061 1:
367 2024 452 2061 10.
476 2024 497 2060 1
517 2023 564 2060 1.
587 2023 606 2059 1
624 2024 672 2060 2.
729 2003 871 2059 Non
914 2002 989 2060 est
1014 2022 1191 2062 autem
1230 2005 1507 2085 probabile
1537 2051 1553 2076 ,
1608 2010 1796 2065 Deum
1822 2032 1884 2067 ex
1910 2012 2094 2091 impiis

101 2088 491 2165 AEgyptiorum
506 2106 562 2141 ac
591 2081 896 2141 Diabolicis
939 2088 1102 2141 Sacris
1126 2130 1141 2154 ,
1201 2107 1264 2143 ex
1291 2086 1564 2144 veteribus
1599 2090 1925 2147 vanitatibus
1955 2136 1970 2160 ‚
2027 2114 2092 2151 ex

100 2164 467 2225 tOIerabilibus
492 2168 650 2246 nugis
675 2209 690 2236 ,
745 2186 808 2221 ex
835 2167 1060 2245 Magicae
1085 2167 1207 2223 artis
1236 2170 1618 2238 imitamentiS,
1664 2172 1890 2248 picturas
1917 2171 2094 2231 feciffe

99 2268 277 2303 rerum
302 2246 651 2324 spiritualium
679 2264 836 2325 atque
862 2246 1171 2305 coelestium.
1219 2248 1279 2306 Id
1306 2266 1541 2317 certum,
1586 2252 1759 2307 multo
1788 2254 2094 2324 utiliorem,

99 2329 338 2407 Deoque
368 2326 737 2405 gloriosiorem
776 2349 994 2407 operam
1022 2329 1375 2387 collocaturos
1405 2327 1555 2386 fuisse
1589 2334 1752 2388 Viros
1781 2332 2091 2390 Eruditiffi-

101 2430 249 2477 mos,
296 2407 332 2464 fi
358 2406 600 2482 jussarum
625 2430 653 2465 a
673 2411 800 2466 Deo
830 2412 1256 2479 caerimoniarum
1290 2411 1524 2468 exactam
1563 2415 1744 2489 potius
1767 2435 1889 2470 cum
1926 2413 2087 2473 rebus

101 2488 406 2570 significatis
434 2532 449 2557 ,
520 2511 680 2568 quam
715 2511 838 2548 cum
876 2494 1076 2550 tetricis
1121 2491 1438 2571 quibusdam
1478 2496 1858 2572 AEgyptiorum
1881 2498 2039 2575 nugis
2065 2541 2082 2568 ,

101 2570 536 2641 convenientiam
562 2568 811 2649 affignare
836 2576 1015 2631 conati
1040 2571 1218 2631 essent.

180 2655 431 2710 XVIII.
496 2653 641 2730 Qia
679 2669 856 2710 tamen
903 2654 1106 2734 aliquid
1144 2653 1192 2711 se
1234 2658 1291 2712 in
1327 2655 1476 2714 sacris
1518 2654 1758 2734 reperisse
1807 2662 2078 2738 Spencerus

100 2730 544 2810 existimat,quod
569 2732 630 2790 ad
654 2734 930 2810 opinionis
954 2734 1052 2793 suae
1071 2734 1351 2794 firmamen
1375 2735 1746 2795 adducendum
1773 2735 1869 2793 fibi
1883 2735 2083 2810 judica-

98 2817 205 2884 vit3
250 2813 305 2870 id
331 2833 549 2892 quoque
578 2834 722 2870 nunc
750 2811 979 2873 breviter
1005 2819 1347 2875 excutiamus,
1435 2821 1619 2875 Primo
1657 2818 1822 2894 igitur
1846 2818 1900 2874 id
1923 2836 2079 2896 urget

97 2896 248 2977 quod
282 2896 433 2950 Deus
470 2893 608 2972 apud
650 2892 986 2953 Ezechielem
1011 2896 1142 2954 dicit
1186 2920 1295 2978 cap.
1313 2917 1504 2974 xx:25·.
1561 2898 1706 2955 Dedi
1740 2900 1853 2979 ipfis
1875 2897 2077 2975 statum

96 2999 195 3033 'aon
223 2976 378 3044 bona,
426 2988 502 3032 (Γ
514 2979 641 3055 jum
656 2996 752 3060 per
774 2998 873 3055 qux
903 2998 999 3033 non
1025 2983 1283 3045 viverem.
1346 2980 1514 3038 Unde
1539 2979 1594 3036 id
1624 2977 1719 3035 fibi
1746 2977 1934 3044 sumit,
1977 3000 2074 3058 per

80 3059 282 3136 statuta
309 3054 558 3115 northona
585 3101 600 3128 ,
671 3063 824 3137 Leges
861 3062 1074 3117 rituales
1108 3061 1338 3141 intelligi
1369 3086 1381 3120 ε
1439 3082 1553 3141 quae
1590 3058 1778 3120 statuta
1807 3081 1906 3116 non
1946 3060 2075 3117 bona

1096 3140 1152 3198 O
1177 3162 1212 3199 o
1890 3140 2075 3200 dican-
