2539 3612
374 191 483 232 τοο
878 170 1857 226 ΕῦΥΡῪῙΑοοΡςιιΜ

307 338 310 342 ,
374 297 481 357 que
507 272 864 336 nihilominus
890 267 1229 329 Abrahamus
1256 271 1432 324 Saram
1443 265 1662 343 fhrorem
1687 261 1831 320 suam
1853 278 2071 329 vocare,
2110 259 2363 340 &filiam

378 363 557 416 Patris
571 354 653 433 sui
667 400 681 425 ,
707 355 911 432 vulgari
934 347 1291 418 Hebraismo,
1307 368 1478 426 quum
1501 347 1669 404 Patris
1697 340 1775 401 sui
1799 347 1964 425 neptis
1992 339 2118 400 effet
2142 363 2205 399 ex
2231 347 2361 402 Ha-

378 460 505 496 rane
529 482 545 508 ,
590 458 752 515 quem
785 434 968 512 potuit
988 429 1223 488 Therach
1249 427 1552 488 Abrahami
1575 444 1723 505 pater
1745 423 1940 482 habere
1967 445 2031 480 ex
2053 444 2220 480 uxore
2246 425 2359 482 alia.

382 521 458 577 Et
482 518 598 575 sane
628 519 895 593 Scriptura
918 518 1104 569 Saram
1129 530 1287 569 vocat
1309 510 1421 569 νὴ)
1443 513 1655 566 Nurum
1679 510 1811 586 ejus,
1827 504 2075 562 Terachi.
2105 506 2254 563 Gen.
2269 526 2364 563 XI,

388 622 479 679 39.
511 618 624 654 non
635 594 843 673 filiam,
860 616 1030 675 quum
1056 610 1235 650 tamen
1260 592 1370 648 filia
1393 591 1528 670 patri
1553 590 1774 668 propius
1800 586 2084 660 comunem
2098 585 2186 656 fit,
2203 607 2368 666 quam

384 700 565 737 nurus.
634 678 887 733 Tuentur
914 674 1232 732 sententiam
1255 671 1390 729 hanc
1417 671 1636 728 maximi
1660 668 1902 726 nominis
1927 665 2223 746 Theologi.
2279 669 2366 724 Ex

384 756 1045 837 Veteribus·Augustinus·
1064 798 1079 824 ,
1117 758 1462 833 Hieronymus
1485 768 1662 808 contra
1685 747 2007 806 Helvidium
2033 792 2049 819 ,
2095 746 2371 826 Chryfhsto-

384 862 513 898 mus.
558 841 640 895 Ex
666 836 1087 895 Protestantibus
1113 880 1128 905 ,
1172 834 1376 915 Junius
1397 880 1413 905 ,
1458 838 1670 890 Rivetus
1694 876 1709 902 ,
1752 831 2064 887 Tarnovius.
2110 829 2195 886 Ex
2218 833 2370 886 Pon-

385 919 568 979 tificiis
593 964 609 990 ,
653 924 885 1002 Lyranus
911 961 926 987 ,
969 917 1201 993 Testatus
1225 959 1240 986 ,
1285 920 1521 973 Pererius
1545 959 1561 984 ,
1604 915 1820 983 DelriO,
1864 914 1930 969 A
1957 909 2182 994 Lapide,
2226 913 2371 967 Bon-=

377 1004 608 1080 frerius,
656 998 1039 1068 Genebrardus,
1083 1001 1198 1055 alii.
1972 1036 1975 1037 ν

471 1086 600 1141 VII.
648 1080 752 1140 Sed
774 1101 919 1159 pone
935 1125 949 1150 ,
965 1077 1116 1159 quod
1142 1097 1321 1136 tamen
1348 1080 1615 1135 incertum
1639 1074 1742 1144 est,
1758 1091 1809 1131 at
1823 1094 1968 1152 pone
1982 1078 2169 1130 Saram
2182 1072 2374 1130 Abra«

387 1162 538 1220 hamo
580 1162 820 1220 sororem
857 1158 1007 1221 fuiffe
1048 1159 1345 1235 ὁμὸποίτριον
1377 1182 1394 1226 3
1437 1154 1708 1233 numquid
1743 1174 1807 1208 ex
1837 1155 2002 1209 unico
2031 1152 2200 1208 isthoc
2226 1152 2375 1211 facsto

392 1246 581 1301 elicere
608 1243 682 1300 est
705 1250 784 1318 jus
809 1262 1100 1300 commune
1125 1247 1146 1298 Ρ
1191 1242 1332 1295 Non
1354 1234 1625 1293 habebant
1650 1233 1705 1292 id
1728 1234 1824 1291 aevi
1848 1239 2026 1291 Patres
2047 1234 2226 1313 legem
2246 1231 2374 1292 scri-

390 1343 539 1404 ptam
568 1349 579 1382 :
625 1325 898 1381 Naturalis
924 1341 1106 1380 autem
1129 1320 1283 1381 facile
1308 1312 1592 1376 obsolescit
1615 1359 1631 1384 ‚
1686 1313 1786 1371 nisi
1810 1336 1838 1370 a
1861 1311 2051 1391 scripta
2074 1314 2367 1387 adjuvetur,

391 1404 627 1463 Accessit
661 1404 1081 1463 Patriarcharum
1106 1405 1246 1458 zelus
1269 1443 1285 1468 ,
1330 1420 1445 1455 non
1471 1395 1677 1472 semper
1700 1413 1847 1473 aeque
1871 1393 2143 1472 prudens',
2190 1397 2287 1474 qui
2310 1414 2382 1454 ut:

391 1489 816 1565 alienigenarum
854 1485 1065 1561 nuptias
1105 1485 1366 1538 evitarent
1385 1521 1400 1545 ,
1455 1476 1758 1533 maluerunt
1783 1495 1846 1531 ex
1872 1473 1958 1531 sua
1981 1472 2184 1533 familia
2208 1478 2373 1536 etiam

394 1588 618 1648 propms
653 1566 960 1640 conjunctas
997 1561 1203 1620 ducere.
1269 1560 1491 1638 ·Neque
1525 1555 1829 1636 urgendum
1857 1558 2018 1612 nimis
2047 1553 2122 1613 est
2147 1601 2163 1628 ,
2220 1557 2373 1636 quod

396 1670 513 1706 non
536 1649 772 1728 legamus
799 1668 828 1702 a
850 1648 980 1718 Deo
1006 1638 1352 1721 reprehensos
1379 1637 1476 1695 effe
1502 1640 1617 1695 talis
1641 1638 1885 1715 conjugii
1908 1638 2163 1694 auctores
2193 1639 2373 1697 Multa

399 1731 548 1786 enim
571 1727 726 1803 hujus
753 1728 962 1807 generis
989 1726 1046 1780 in
1071 1720 1251 1803 priscis
1278 1723 1381 1778 illis
1405 1719 1654 1777 toleravit
1673 1719 1882 1773 Divina
1905 1719 2215 1787 clementia,
2253 1739 2372 1798 quae

399 1831 516 1866 non
555 1808 871 1888 approbavit
903 1807 1111 1865 Divina
1149 1802 1418 1860 Sanctitas.
1503 1795 1824 1878 Atque'huc
1849 1818 1954 1855 nos
1977 1796 2126 1854 ducit
2144 1798 2376 1880 Targum

398 1890 694 1960 Uzielidis,
740 1891 835 1970 qui
861 1908 1073 1944 comma
1097 1905 1195 1941 xvr
1215 1904 1261 1939 1.
1292 1903 1402 1960 cap.
1433 1902 1518 1937 xx,
1547 1881 1605 1936 in
1629 1883 1864 1937 Levitico
1888 1881 1946 1937 in
1970 1877 2375 1942 hancmentem

398 1974 755 2049 παραφξάζει.
824 1975 893 2027 Et
914 1973 1005 2024 vir
1026 1971 1114 2046 qui
1139 1964 1456 2022 concubuerit
1478 1982 1591 2018 cum
1601 1960 1767 2036 servre
1779 1959 1905 2034 fita,
1932 1959 2064 2037 filia
2079 1968 2252 2044 patris
2262 1963 2348 2040 fiii
2357 2008 2376 2036 ,

400 2053 632 2131 autfilia
655 2058 839 2109 matris
849 2051 943 2126 sua
969 2093 985 2119 ,
1033 2061 1111 2106 ΟΝ
1136 2047 1423 2127 contempfit
1445 2039 1812 2125 turpitudinem
1835 2045 1940 2120 ejus
1961 2084 1977 2110 ‚
2025 2054 2104 2100 (φ
2129 2042 2233 2125 ipsa
2255 2065 2392 2101 con·

403 2136 598 2212 tempstt
632 2132 1000 2216 turpitudinem
1038 2132 1186 2212 ipfius
1208 2172 1225 2198 ‚
1282 2122 1537 2206 turpitudo
1577 2121 1656 2200 est.
1715 2139 1810 2188 :³27
1865 2141 2012 2188 ww>
2055 2143 2189 2185 mon
2232 2144 2378 2186 :nm

399 2206 578 2282 ,κύω
620 2234 757 2294 wwp
798 2232 970 2273 armna
1011 2213 1080 2268 κθ
1116 2228 1178 2275 -ιν
1221 2226 1353 2287 prum
1396 2206 1525 2272 &0527
1567 2205 1750 2263 &bow-1
1794 2203 1912 2264 5³72:
1956 2224 2009 2286 ψ
2050 2227 2201 2288 ’κτα-ψ
2231 2212 2393 2288 ,Quo--

401 2303 548 2353 niam
570 2294 967 2371 misericordiam
989 2289 1195 2369 quidem
1204 2290 1320 2366 feci
1341 2309 1454 2343 cum
1475 2284 1866 2362 antecessoribus,
1881 2304 1935 2343 ut
1946 2291 2221 2371 repleretur
2230 2280 2381 2346 mun-

404 2376 499 2434 ΔΜ
534 2398 597 2432 ex
630 2380 776 2443 illis,
832 2389 1107 2450 antequam
1141 2369 1269 2426 data
1299 2373 1436 2445 efflent
1447 2369 1645 2446 statuta
1671 2376 1725 2426 in
1750 2367 1934 2425 mundo
1962 2389 1983 2424 .·
2011 2369 2103 2446 sed
2114 2370 2395 2453 postquam-

393 2458 593 2537 statuta
608 2457 938 2538 promulgata
946 2453 1067 2529 sunt
1090 2497 1104 2522 ,
1149 2451 1367 2531 quisquis
1378 2453 1567 2527 fecerit
1591 2449 1673 2507 his
1687 2452 1888 2530 fimilia
1911 2448 2382 2511 exterminabuntur

405 2540 749 2606 mortalitate,
796 2551 919 2594 &a
974 2532 1097 2590 Ubi
1123 2529 1514 2590 observandum
1537 2532 1687 2610 quod
1710 2530 1904 2590 eodem
1929 2533 2059 2590 loco·
2077 2531 2269 2589 habeat
2291 2530 2382 2591 so-

407 2640 552 2676 rores
590 2616 904 2695 o‘pecwxrgt'ee
932 2622 1013 2673 καὶ
1041 2618 1334 2690 ὁμομητρία
1359 2659 1375 2685 ,
1418 2618 1474 2669 &
1499 2614 1843 2671 matrimonia
1866 2610 2054 2670 iiscum
2079 2613 2218 2672 dicat
2239 2615 2382 2672 tole-

405 2720 515 2757 rata
548 2698 801 2757 duntaxat
834 2719 930 2777 per
961 2699 1076 2755 Dei
1101 2693 1517 2753 misericordiam
1543 2739 1558 2764 ,
1614 2697 1861 2755 nondum
1885 2695 2239 2772 multiplicato
2263 2693 2384 2754 satis

409 2802 607 2860 genere
632 2779 871 2837 humano
898 2824 914 2849 ,
949 2798 1058 2837 nec
1080 2776 1349 2856 publicata
1370 2778 1505 2855 lege.
1571 2782 1651 2834 Ita
1674 2774 2382 2835 enimcum-Thalmudistis

414 2864 637 2940 exponit
673 2861 729 2919 id
764 2861 914 2941 quod
950 2863 1006 2918 in
1041 2857 1279 2916 Hebraeo
1308 2857 1382 2915 est
1406 2877 1495 2915 κπτ
1515 2878 1615 2918 *mn
1638 2902 1655 2928 ‚
1710 2879 1809 2939 pro
1836 2855 2032 2936 quibus
2058 2855 2232 2915 verbis
2256 2855 2400 2914 sub--

413 2939 641 2999 stituunt
669 2941 978 3000 Hellenistae
1001 2986 1018 3012 ‚
1064 2940 1241 2999 ὄνειδός
1270 2947 1333 3001 ἐςι
1358 2984 1374 3010 ,
1419 2942 1682 3020 Vulgata,
1726 2961 1833 2996 rem
1856 2940 2114 3016 nefariam
2125 2939 2245 3016 ficnt
2265 2957 2394 3021 ope--

413 3028 549 3092 rati,
575 3029 897 3103 interpretes
921 3024 1010 3080 alii
1033 3020 1384 3080 tantumdem.
1429 3022 1554 3078 Nec
1580 3020 1781 3079 necesse
1806 3018 1912 3076 fuit
1934 3039 1995 3078 ut
2017 3022 2195 3101 legem
2220 3022 2394 3078 talem·

414 3102 597 3184 priscis
632 3104 804 3165 datam
844 3102 1074 3172 exsertis
1093 3102 1269 3166 verbis
1293 3103 1471 3182 Moses
1486 3105 1815 3172 'memoraret
1846 3125 1859 3162 ε
1904 3104 2031 3185 quia
2051 3102 2168 3163 satis
2193 3099 2413 3240 hazuit·

2316 3201 2385 3245 OC
