2539 3612
365 31 489 89 286
888 31 1870 95 AEGYPTIACORUM

371 151 531 191 tuum
566 128 915 190 similitudine
945 126 1203 186 Gentiles
1242 122 1308 182 ad
1342 121 1599 180 Politiam
1629 114 1828 177 Israelis
1867 114 2092 175 allicere.
2180 122 2283 183 Sed
2305 125 2370 185 de

377 235 444 272 eo
472 236 600 271 mox
624 215 850 292 plenius.
2373 199 2375 202 ’

461 300 528 352 Χ.
573 296 712 351 Non
740 291 1037 370 poterimus
1060 287 1207 345 fictas
1226 285 1319 343 has
1343 285 1547 341 rituum
1572 278 1943 346 Mosaicorum
1970 280 2157 341 caussas
2184 286 2379 345 certius

383 373 623 433 refellere
641 416 656 441 ‚
709 393 872 451 quam
898 368 1208 450 assignando
1235 387 1408 435 vera83
1455 385 1582 443 quas
1611 384 1728 421 non
1757 365 2036 421 temeraria
2058 364 2277 423 Divinae
2305 364 2383 423 sa·-

387 457 601 534 pientiae
630 452 906 510 aestimatio
933 495 949 522 ,
1006 470 1095 508 aut
1118 447 1362 527 susceptae
1386 446 1546 502 semel
1569 443 1910 522 hypothefios
1938 464 2116 515 amor,
2161 444 2250 504 sed
2273 445 2386 525 ipse

389 538 501 592 Dei
528 535 754 613 Spiritus
781 579 796 604 ,
855 534 914 590 in
948 530 1126 589 fallere
1162 527 1348 588 nesciis
1375 531 1645 584 Sacrarum
1686 525 1958 582 literarum
1980 531 2384 600 monumentiS,

393 615 626 672 dictavit.
721 614 784 673 Id
826 614 1005 694 itaque
1048 611 1145 670 fibi
1186 615 1419 694 primum
1453 609 1512 663 in
1546 608 1750 662 rituum
1784 605 2010 680 juffione
2047 606 2388 686 propositum

391 694 581 754 habuit
612 699 796 766 DeUS,
849 714 909 752 ut
937 691 1211 751 laboriosis
1237 689 1346 748 istis
1371 689 1634 747 exercitiis
1646 688 1906 763 ferociam
1929 689 2121 766 populi
2146 687 2389 748 indomi-

391 794 501 835 tam
517 821 533 848 ,
578 779 746 834 veluti
772 776 1077 854 difficillimo
1081 778 1207 854 jugo
1234 817 1249 844 ,
1282 771 1544 851 subigeret.
1631 768 1846 825 Scilicet
1867 786 1930 825 ut
1955 770 2131 845 infans
2156 788 2245 827 aut
2259 789 2390 854 puer

391 859 522 915 Deo
550 856 927 916 obversabatur
952 853 1104 912 Isra‘e'l
1127 895 1142 918 ‚
1197 856 1293 933 qui
1328 855 1410 910 uti
1438 848 1537 908 fibi
1574 847 1815 906 semitam
1848 870 1964 905 non
1988 848 2220 928 sapiebat
2244 896 2262 922 ,
2316 853 2392 909 ita

391 940 633 1015 petulans
661 938 843 996 indole
875 982 892 1008 ,
946 933 1311 1015 praefrafftique
1361 932 1573 1011 ingenii
1594 974 1615 998 .,
1674 929 2042 985 monitoribus
2081 929 2229 1008 asper
2262 949 2389 990 erat.

392 1021 534 1077 Non
570 1017 929 1077 conveniebat
966 1015 1051 1074 isti
1075 1015 1232 1073 statui
1255 1013 1447 1073 blanda
1470 1012 1632 1067 nimis
1656 1007 2033 1087 indulgentia;
2088 1008 2263 1070 fomes
2288 1034 2394 1091 po-

393 1103 500 1158 tius
524 1104 803 1179 proterviae
826 1099 1032 1169 futura,
1077 1121 1239 1178 quam
1263 1093 1579 1153 remedium.
1647 1091 1799 1145 Hinc
1824 1091 2001 1169 legem
2024 1091 2193 1148 veluti
2221 1092 2399 1172 paeda-

398 1204 606 1260 gogum
629 1182 838 1260 populo
865 1180 1040 1248 dedit,
1086 1181 1182 1258 qui
1208 1176 1376 1234 ferula
1394 1190 1560 1251 *atque
1590 1171 1738 1249 virga
1763 1189 1989 1228 armatus
2009 1168 2394 1232 ferocientium

398 1262 684 1320 affectuum
719 1264 952 1341 impetus
991 1257 1369 1338 compesceret.
1427 1255 1553 1310 Gal.
1589 1272 1652 1308 11
1672 1271 1719 1309 1:
1752 1271 1840 1329 23.
1896 1252 1969 1307 Et
1993 1259 2235 1329 quamvis
2243 1254 2397 1330 filim

398 1341 523 1399 effet
549 1340 700 1400 Israel
726 1389 742 1413 ,
796 1359 947 1422 atque
971 1341 1118 1398 haeres
1156 1343 1381 1395 omnium
1402 1380 1419 1406 ,
1477 1336 1549 1389 ita
1583 1352 1764 1389 tamen
1806 1353 1932 1388 eum
1967 1335 2176 1411 excepit
2210 1336 2397 1406 Deus,

399 1440 455 1480 ut
478 1445 576 1481 non
600 1427 818 1481 multum
841 1447 876 1481 a
887 1424 1034 1499 ftrvo
1060 1420 1248 1499 dzstare
1270 1417 1555 1474 videretur.
1623 1413 1812 1469 Patriis
1840 1432 2113 1470 exemtum
2138 1417 2400 1495 amplexi-

402 1502 503 1561 bus
542 1511 701 1585 atque
726 1503 1000 1562 blanditiis
1026 1546 1041 1571 ,
1082 1498 1172 1578 fido
1206 1496 1447 1555 tutoribm
1485 1516 1547 1551 ac
1586 1491 1898 1551 curatoribus
1935 1493 2033 1550 esse
2066 1493 2224 1568 juffit.
2275 1500 2400 1568 ⁴Ac

400 1590 458 1643 in
469 1584 770 1661 servitutem
790 1583 984 1663 redegit
995 1582 1084 1659 sub
1107 1584 1365 1638 elementis
1389 1575 1587 1632 mundi.
1630 1574 1757 1628 Gal.
1780 1593 1863 1629 1v:
1895 1595 1936 1628 1.
1960 1594 2005 1628 z.
2030 1597 2076 1651 3.

483 1670 595 1723 XI.
643 1666 814 1745 Qiod
838 1663 1136 1742 emphatice
1161 1659 1225 1716 ab
1251 1655 1525 1735 Apostolo
1550 1653 1754 1710 dicium
1779 1649 1869 1707 est.
1945 1653 2098 1710 Nam
2121 1657 2401 1730 elementa,

403 1766 561 1804 vocat
610 1748 936 1806 caerimonias
972 1762 1192 1823 propter
1226 1735 1515 1795 earundem
1553 1733 1840 1791 ruditatem
1877 1731 1980 1790 five
2029 1735 2401 1814 imperfedfftio-

403 1850 560 1897 nem3
604 1826 975 1894 transsatione,
1018 1824 1122 1881 five
1147 1845 1174 1880 a
1198 1837 1411 1888 natura,
1455 1816 1560 1874 sive
1587 1814 1651 1872 ab
1676 1835 1784 1871 arte
1808 1816 1990 1892 petita.
2077 1818 2150 1875 Et
2174 1817 2406 1898 quidem·

408 1907 619 1965 Mundi
659 1910 923 1965 elementa
958 1950 975 1976 ‚
1044 1906 1129 1963 vel
1166 1904 1293 1984 quia
1338 1896 1598 1958 terrestria
1636 1914 1823 1962 erant,
1881 1916 1908 1952 e
1947 1897 2155 1956 mundo
2185 1897 2355 1958 sumta
2377 1926 2400 1973 ,

409 1988 582 2069 iisque
624 1988 782 2047 rebus
810 2010 937 2069 quas
965 1986 1223 2045 mundani
1262 2001 1483 2063 quoque
1517 1977 1767 2033 homines
1805 1997 1929 2033 cum
1953 1979 2054 2055 piis
2081 2000 2402 2050 communes

412 2068 684 2129 habebant
705 2115 722 2142 ,
781 2090 1004 2150 quaeque
1046 2091 1162 2126 non
1195 2065 1482 2127 continent
1518 2060 1575 2114 in
1599 2055 1650 2113 se
1693 2055 2132 2117 benedictionem
2168 2067 2222 2118 &
2252 2060 2401 2121 bona

411 2148 730 2212 haereditatis
756 2176 769 2210 τ
813 2154 901 2209 vel
928 2151 1053 2229 quia
1076 2151 1230 2204 Deus
1256 2141 1549 2209 mundum,
1592 2136 1648 2195 id
1670 2136 1744 2194 est
1770 2139 1961 2196 mundi
1995 2142 2196 2198 incolas
2214 2185 2233 2212 ‚
2277 2162 2403 2200 eru-

411 2233 525 2291 dire
551 2235 735 2291 volens
760 2276 776 2301 ,
832 2254 861 2288 a
887 2229 1138 2288 tenuibus
1165 2228 1266 2283 illis
1290 2223 1568 2303 principiis
1605 2218 1819 2276 exorsus
1844 2218 1917 2276 est
1942 2265 1958 2290 ,
2013 2219 2263 2279 inferiori
2288 2225 2402 2302 pri-

410 2335 564 2371 mum
590 2312 812 2382 Schola,
858 2314 915 2368 in
938 2329 1049 2368 uno
1078 2309 1332 2367 duntaxat
1356 2302 1547 2362 mundi
1569 2303 1799 2381 angulO,
1843 2318 2036 2380 aperta.
2101 2303 2404 2378 Elementis

415 2391 558 2465 hisce
585 2392 777 2451 mundi
799 2389 1035 2449 Israelitae
1061 2409 1209 2448 crant
1237 2392 1587 2459 δἐδκλωμένοι,
1615 2389 1669 2440 in
1681 2383 1981 2460 fhrvitutem
2007 2381 2215 2457 redarii.
2258 2387 2404 2444 Data.

421 2478 570 2533 enim
598 2493 747 2532 erant
769 2496 894 2531 cum
915 2472 1089 2530 severa
1112 2469 1552 2528 interminatione
1579 2511 1596 2535 ,
1640 2486 1707 2521 ne
1734 2468 1820 2521 vel
1841 2467 2275 2543 negligerentur,
2319 2467 2407 2539 vel

419 2557 572 2614 aliter
595 2577 652 2613 ac
675 2555 867 2632 jussum
899 2571 1011 2612 erat
1045 2550 1417 2631 usurparentur
1443 2575 1455 2607 :
1511 2553 1567 2605 &
1595 2546 1760 2605 additi
1798 2544 2017 2603 fuerunt
2050 2549 2325 2628 Principes
2349 2567 2410 2605 ac

426 2641 703 2707 Seni0re8,
761 2634 1078 2716 potestatem
1099 2634 1385 2703 habentes,
1437 2633 1495 2688 in
1521 2628 1788 2687 Cathedra
1809 2627 1978 2686 Molis
2000 2624 2239 2701 sedentes
2250 2675 2268 2700 ‚
2298 2628 2412 2709 ‚qui
2486 2678 2501 2687 ,

429 2719 495 2777 ad
520 2717 952 2777 observationem
977 2720 1179 2774 rituum
1206 2738 1297 2772 eos
1324 2733 1569 2773 tenerent
1592 2733 1751 2790 atque
1777 2710 2081 2790 adigerent:
2124 2730 2283 2792 atque
2303 2707 2413 2789 ipsa.

437 2799 658 2859 demum
691 2798 991 2857 observatio
1017 2796 1198 2857 servile
1225 2796 1354 2876 quid
1393 2793 1683 2864 referebat,
1738 2793 1938 2872 quippe
1962 2794 2022 2849 in
2047 2807 2151 2872 qua
2176 2810 2282 2867 erat
2317 2812 2414 2849 ex-

483 2882 721 2940 robratio
746 2883 988 2960 pueritiae
1012 2925 1027 2950 ,
1084 2902 1255 2961 quum
1293 2879 1575 2946 minutulis
1596 2876 1869 2954 praeceptis
1898 2895 1954 2931 ac
1981 2874 2247 2954 dogmatis
2274 2895 2413 2944 con-

441 2901 626 3034 iiaret,
673 2965 846 3042 qualia
870 2961 1274 3042 pra-:scribuntur
1308 2961 1572 3041 puerulis:
1615 2980 1677 3017 ne
1703 2955 1886 3031 edem,
1928 2979 2083 3038 neque
2096 2957 2419 3037 gqffaveris,

436 3064 591 3124 neque
613 3050 854 3124 dmg-eras.
889 3046 1014 3102 Coi.
1042 3064 1060 3101 1
1083 3065 1129 3104 1:
1149 3065 1174 3101 2
1193 3064 1236 3102 1.
1558 3042 1561 3044 ’
2137 3042 2263 3109 XM.
2296 3036 2424 3098 Fuit
