2539 3612
396 130 507 195 330
1074 111 1217 169 DE
1298 110 1693 169 DECEM

389 235 499 293 que
535 209 780 272 validior.
863 209 938 268 Et
973 207 1083 267 haec
1120 211 1345 291 quidem
1382 209 1447 270 de
1474 215 1723 293 eversione
1749 211 1913 292 Regni
1937 212 1999 269 X
2012 210 2266 273 Tribuum
2284 235 2396 297 pro-

391 293 640 353 instituto
667 289 853 351 nostro
882 288 1161 349 sufficiant.

1152 442 1205 498 C
1249 463 1293 503 A
1336 462 1389 501 Ρ.
1515 447 1636 501 111.

441 590 654 659 Status
686 589 919 681 Populi
950 590 1099 681 post
1134 589 1382 658 cladem
1413 589 1805 681 Affyriacam
1837 645 1852 667 ‚
1903 591 2079 683 quod
2115 589 2196 659 ad
2235 614 2350 661 eos

955 689 1064 771 qui
1103 691 1165 751 in
1195 703 1360 751 terra
1390 683 1830 752 remanserunt.

389 857 431 909 Ι.
478 858 724 910 Geminus
760 853 1116 929 Ifrae'litarum
1132 854 1240 938 post
1266 853 1489 931 eversum
1517 877 1727 936 regnum
1741 854 1926 931 status.
2015 858 2086 912 II.
2132 859 2392 913 Nonnulli

468 957 533 990 ex
559 933 706 1017 plebe
741 933 806 990 ab
842 935 1065 1017 Aſjjriis
1101 941 1158 992 in
1195 937 1332 992 terra
1369 935 1539 993 relicsli
1561 958 1578 992 .·
1616 934 1917 1019 praedicente
1952 934 2009 989 id
2043 935 2230 1013 Jesaia
2261 943 2385 1019 Cap.

469 1033 636 1072 xv11.
659 1013 828 1096 3.&s.
917 1021 1014 1073 III.
1073 1021 1377 1073 Concinente
1412 1018 1621 1092 Amoso.
1667 1021 1795 1098 Cap.
1827 1034 1955 1070 111.
1981 1035 2068 1072 12.
2152 1021 2254 1077 IV.
2315 1021 2394 1077 V.

469 1096 769 1175 Attestante
808 1096 1066 1175 Historia.
1134 1102 1236 1156 VI.
1263 1097 1464 1176 Refidui
1489 1100 1573 1152 illi
1595 1119 1751 1175 neque
1776 1100 1990 1152 Divina
2014 1098 2140 1176 legis
2156 1104 2384 1180 peritia,

469 1198 626 1256 neque
649 1182 877 1234 numinis
901 1196 1035 1234 metu
1059 1177 1335 1234 admodum
1350 1175 1733 1261 praditif'uere.
1776 1181 1903 1235 VII.
1930 1181 2215 1257 Eorumque
2237 1182 2391 1236 multi

467 1257 721 1315 Barbaris
746 1257 801 1333 β’
839 1257 1150 1315 Cuthaeorum
1184 1263 1532 1315 matrimoniis
1571 1260 1885 1340 implicuere.
1973 1262 2129 1315 VIII.
2189 1257 2387 1340 Jojadae

452 1337 608 1416 filius
646 1345 736 1419 qui
771 1337 1145 1396 Sannebalathi
1181 1343 1450 1397 Horonitae
1469 1338 1656 1415 filiam
1691 1338 1843 1395 duxit
1870 1382 1886 1406 ‚
1944 1337 2165 1396 Neh.x1
2188 1358 2273 1396 11.
2294 1343 2384 1416 38.

473 1442 572 1475 non
609 1421 675 1499 est
712 1421 986 1496 Manaſjes
1025 1419 1211 1497 Jaddi
1239 1419 1507 1497 Ponttficis
1516 1420 1709 1497 frater.
1794 1424 1886 1476 IX.
1934 1423 2247 1477 Mixturam
2268 1443 2386 1479 ma-

473 1507 829 1557 trimoniorum
854 1500 1029 1576 secuta
1062 1506 1295 1558 mixtura
1319 1502 1586 1579 religionis
1609 1500 1691 1578 est.
1778 1504 1844 1558 Χ.
1892 1504 1990 1555 Cui
2014 1500 2231 1575 mzstellae
2259 1505 2387 1560 reli-

467 1588 619 1662 gioni
635 1581 909 1659 firmanda
939 1584 1226 1663 plurimum
1261 1581 1495 1656 inserviit
1529 1580 1795 1657 Manassis
1833 1577 2042 1634 ambitio
2068 1623 2084 1644 ,
2143 1585 2387 1663 templum

474 1662 772 1740 aedificantis
810 1674 888 1719 (9⁹
923 1661 1287 1736 Pontificatum
1310 1659 1410 1738 fibi
1444 1665 1740 1738 arrogantis
1762 1703 1780 1729 ‚
1834 1664 1890 1714 in
1924 1675 2090 1713 monte
2115 1665 2382 1722 Garizim.

477 1747 573 1801 XI.
627 1748 746 1799 Hic
779 1760 931 1823 caput
953 1739 1131 1818 fac‘lus
1159 1740 1368 1819 estseftae
1391 1745 1857 1798 Samaritanorum.
1941 1744 2066 1796 XII.
2109 1743 2237 1820 Qae
2260 1745 2384 1824 legis

473 1825 679 1902 quidem
716 1823 960 1898 Mosaica
994 1843 1061 1879 ex
1083 1839 1235 1904 parte
1269 1818 1483 1896 studiosa
1517 1819 1695 1879 videri
1726 1818 2008 1901 aliquando
2042 1824 2212 1878 voluit
2234 1869 2251 1895 ,
2290 1825 2386 1902 sed

470 1905 750 1987 Prophetas
772 1907 961 1983 rejecit.
1047 1907 1195 1962 XIII.
1240 1907 1352 1958 Imo
1375 1922 1466 1958 nec
1488 1905 1646 1981 Legis
1654 1901 1791 1978 satis
1811 1906 2033 1957 retinens
2046 1903 2162 1978 fuit
2185 1949 2211 1974 ‚‚
2249 1924 2382 1986 ρης.

455 1985 638 2061 sertim
674 1992 730 2042 in
765 1983 909 2042 rebus
944 1982 1191 2063 adversis.
1276 1985 1429 2041 XIV.
1470 1985 1624 2038 Nam
1662 1987 1720 2038 in
1743 1980 1887 2039 rebus
1903 1979 2151 2063 prosperis
2177 1983 2391 2063 Judaeow

469 2088 587 2124 rum
603 2072 817 2150 propius
839 2064 912 2122 ad
934 2086 1105 2123 eorum
1118 2066 1272 2140 sacra
1296 2065 1604 2137 acceffi‘runt.
1646 2065 1774 2123 XV.
1805 2068 2008 2145 Semper
2031 2078 2203 2120 tamen
2227 2089 2383 2124 man-

460 2148 639 2225 serunt
660 2148 724 2204 de
747 2149 947 2230 templis
956 2150 1171 2226 jurgia,
1201 2141 1452 2221 futilibus
1462 2141 1583 2226 saepe
1603 2165 1668 2200 ar
1701 2149 1920 2202 umentis
1944 2147 2164 2222 agitata.
2223 2151 2379 2206 XVI,

474 2232 745 2309 Qamvis
781 2226 1051 2284 validiora
1070 2227 1278 2302 fuerint
1308 2246 1346 2281 a
1373 2241 1525 2307 parte
1547 2165 1864 2304 Judfleorum.
1951 2226 2131 2281 XVII.
2175 2227 2390 2303 Peffimo

471 2312 592 2386 aufit
629 2312 898 2366 Divinam
932 2309 1093 2386 legem
1130 2322 1454 2387 corruperunt
1489 2311 1754 2363 Samaritae
1778 2351 1795 2377 ‚
1838 2322 1895 2361 ut
1917 2306 2110 2382 favere
2137 2307 2395 2384 institutis·

464 2390 575 2466 fitis
611 2388 889 2446 videretur.
972 2385 1189 2445 XVIII.
1232 2391 1358 2468 Qae
1389 2392 1731 2469 corruptiones
1762 2385 1962 2467 quando
1974 2386 2244 2467 faHaefint
2263 2433 2281 2460 ,
2325 2396 2385 2449 in

476 2469 669 2547 obscuro
708 2470 788 2548 est.
873 2471 1021 2527 XIX.
1065 2467 1377 2527 Admodum
1415 2472 1546 2547 exosi
1568 2468 1822 2545 Ifi‘ae'litis
1849 2468 2336 2546 Samaritanifuere
2357 2493 2386 2530 ‚²

472 2557 701 2608 maxime
729 2549 884 2633 prisci
919 2553 1000 2606 illi
1033 2547 1337 2606 Idololatrae.
1419 2552 1538 2606 XX.
1583 2553 1736 2608 Nam
1767 2549 1832 2606 de
1849 2546 2197 2630 posterioribus
2220 2594 2236 2620 ‚
2290 2542 2383 2631 qui

479 2634 640 2713 legem
661 2632 1007 2713 sust-eperant,
1040 2633 1215 2714 paullo
1255 2633 1549 2689 clementius
1570 2630 1869 2714 judicatum
1892 2629 1974 2712 est.
2058 2633 2206 2689 XXI.
2249 2634 2381 2692 Illu-

463 2713 639 2793 strant
659 2712 758 2770 haec
780 2710 1043 2791 historiam
1064 2714 1299 2792 Euangel
1302 2716 1451 2770 icam.
1538 2716 1716 2774 XXII.
1751 2715 2011 2770 Dominus
2030 2709 2184 2791 Jefits
2207 2717 2381 2770 incon-

468 2793 700 2873 fiderata
726 2794 820 2873 ista
846 2791 966 2850 odia
979 2791 1205 2870 firmone
1234 2804 1315 2852 ω’
1338 2796 1564 2879 exemplo
1574 2794 1664 2871 fito
1683 2793 1919 2852 damnat.
2005 2796 2209 2852 XXI-II.
2249 2797 2390 2852 Mn

480 2875 684 2953 defuere
710 2898 774 2932 ex
799 2874 1049 2952 Israelitis
1075 2879 1132 2931 in
1156 2891 1296 2934 terra
1308 2875 1407 2955 fita
1427 2898 1463 2936 a
1485 2877 1859 2955 Salmanaeffhre
1875 2875 2101 2949 reliHis,
2143 2879 2236 2955 qui
2256 2893 2379 2934 con-

466 2956 667 3034 stanter
686 2960 802 3018 Deo
824 2954 1139 3035 adheserunt.

2047 3120 2095 3198 ι,
2133 3109 2370 3178 POST
