2539 3612
127 1550 263 1589 itiner.
279 1561 373 1603 part.

135 1603 249 1642 wib.
271 1616 327 1643 xv.

128 1666 208 1706 cap.
236 1669 278 1695 vx
292 1672 307 1698 1
322 1672 355 1698 1.

416 158 529 210 116
913 156 1890 211 AEGYPTIACORUM

409 259 610 316 tionis?
655 257 831 315 Vacca
855 258 1114 313 nimirum
1136 254 1328 312 umbra
1350 275 1407 312 ac
1432 252 1603 334 figura
1631 252 1818 329 Christi
1842 250 1976 320 fuit,
2016 251 2223 308 ratione
2249 273 2382 327 γοντ-

412 338 655 413 patirur&
691 357 747 393 ac
760 334 1117 415 foecunditatis
1135 380 1150 406 ‚
1196 337 1327 392 item
1352 335 1493 391 laibis
1518 354 1575 391 ac
1602 337 1916 389 nutrimenti.
1984 329 2182 387 Rubedo
2209 351 2386 390 autem

416 439 582 476 vaccae
613 436 796 475 notare
822 419 1018 494 potuit..
1095 435 1141 472 1.
1160 421 1569 472 Communionem
1581 414 1849 493 sanguinis
1877 458 1893 482 ,
1937 419 2081 487 cujus
2113 411 2388 481 Christus,

417 519 660 557 naturam
684 495 918 553 nostram
940 495 1228 554 humanam
1252 494 1557 554 assumendo
1572 539 1587 565 ‚
1627 491 1793 550 faCtus
1819 491 1893 549 est
1915 496 2191 571 particeps,
2235 491 2385 550 Heb.

427 599 450 635 1
470 601 515 635 1.
551 599 636 654 14.
732 596 754 632 Ι
773 596 818 633 Ι.
845 577 1139 656 Effuflonem
1161 578 1429 658 sanguinis
1454 576 1535 651 sui
1566 618 1580 644 ‚
1638 595 1749 653 quo
1779 571 1885 651 ipse
1911 575 1968 630 in
1994 571 2390 641 Gethsemane,

418 662 476 716 in
502 659 750 737 praetorio
778 701 794 726 ,
840 660 898 714 in
924 657 1239 738 Golgoffla,
1284 658 1348 714 ad
1373 654 1566 713 nostrae
1583 654 1841 712 foeditatis
1865 655 2258 732 expiationem,
2302 673 2391 711 to-

416 757 499 795 tus
523 739 718 795 tin6'ms
742 736 850 795 fuit
865 763 876 795 ε
893 740 1229 818 &sanguinis
1252 738 1463 816 hostium
1474 736 1696 813 suorum,
1712 756 1823 814 quo
1850 731 2148 791 madefaffae
2176 740 2231 790 δε
2257 755 2392 791 con-

417 817 592 897 spersae
617 817 782 876 vestes
810 821 949 876 illius
974 819 1110 876 sunt.
1148 818 1250 898 Jes.
1269 838 1383 876 LXI
1403 838 1425 873 1
1444 837 1489 874 1.
1515 838 1560 874 1.
1582 838 1691 896 2.3.
1735 819 1844 893 Ap.
1880 835 1961 871 lx.
1986 834 2072 892 13.
2149 835 2171 870 Ι
2191 836 2212 871 Ι
2231 821 2392 872 1.·Su-

407 900 711 981 sceptionem
747 898 1022 978 nostrorum
1060 917 1423 981 peccaturum:
1482 919 1599 978 quae
1638 894 1809 953 rubere
1846 896 2097 952 dicuntur
2132 914 2186 952 ut
2220 916 2392 952 coccus

420 977 523 1059 Jes.
575 1000 621 1035 Ι.
656 981 742 1035 18.
769 1001 992 1060 quaeque
1021 979 1118 1057 ipsi
1143 981 1392 1058 imputari
1418 977 1618 1036 necesse
1644 977 1750 1035 fuit
1774 1020 1789 1046 ‚
1847 976 1884 1033 fi
1908 998 2007 1033 nos
2033 998 2271 1056 unquam
2297 998 2394 1034 eo-

420 1082 540 1116 rum
576 1079 722 1117 reatu
759 1060 1106 1129 exsolvendi,
1161 1062 1244 1116 vel
1284 1083 1312 1116 a
1347 1059 1462 1115 labe
1490 1057 1786 1117 mundandi
1810 1055 2045 1114 essemus.
2134 1060 2394 1128 Haecnos

420 1141 773 1198 consideratio
799 1141 1110 1200 solidiorem
1132 1139 1443 1219 sapientiam
1467 1139 1657 1207 docet,
1699 1158 1860 1215 quam
1901 1137 2040 1193 casca
2079 1138 2165 1193 illa
2199 1138 2262 1194 de
2299 1144 2394 1195 AE-

422 1224 733 1300 gyptiorum
756 1223 928 1279 rubris
965 1221 1144 1278 bobus
1181 1220 1500 1276 observatio,

505 1307 598 1359 IX.
635 1306 688 1359 Si
713 1305 945 1360 omnino
971 1302 1430 1382 comparationem
1456 1297 1728 1357 instituere
1754 1297 1918 1355 libeat
1945 1296 2068 1354 sacri
2092 1295 2245 1372 hujus
2261 1301 2393 1357 ritus

422 1404 546 1440 cum
569 1384 808 1461 profanis
831 1386 1049 1440 aliarum
1075 1385 1324 1462 gentium
1348 1381 1696 1446 caerimoniiS‚
1733 1400 1838 1457 ego
1863 1400 1949 1434 me
1975 1376 2112 1435 nihil
2136 1378 2392 1437 invenisse

421 1466 648 1521 memini
673 1464 823 1543 quod
844 1462 1053 1521 affinius
1077 1465 1128 1518 ei
1154 1461 1217 1518 sit
1242 1482 1403 1539 quam
1429 1464 1717 1516 Gaurorum
1740 1457 2101 1527 lustrationes»,
2124 1478 2286 1536 prout
2310 1481 2394 1517 eas

421 1543 650 1604 edisserit
673 1544 945 1623 Johannes
969 1541 1202 1625 Baptista
1224 1538 1584 1597 Tabernarius.
1613 1544 1748 1596 Sunt
1771 1558 1947 1596 autem
1973 1544 2140 1595 Gauri
2155 1541 2398 1619 reliquiae'

421 1627 773 1704 antiq-uorum
795 1624 1086 1701 Persarum,
1109 1624 1272 1679 ’avitae
1295 1619 1682 1699 superstitionis
1707 1618 2131 1689 retinentiffimi,
2157 1620 2392 1700 ideoque

424 1705 648 1785 expositi
671 1708 1034 1763 recentiorum
1059 1713 1196 1784 quos
1221 1703 1481 1759 Alcorani
1505 1702 1688 1758 deliria
1712 1700 2089 1756 dementarunt
2111 1698 2394 1758 saeviffimis

421 1785 914 1864 persecutionibus:
954 1804 1185 1842 attamen
1212 1782 1519 1861 frequentes
1544 1779 1711 1836 adhuc
1739 1783 1797 1836 in
1827 1784 2110 1836 Carmania
2135 1783 2187 1836 δί
2214 1781 2390 1840 India.

420 1866 772 1946 Prophetam,
789 1889 954 1947 quem
975 1886 1034 1922 ut
1059 1867 1297 1942 primum
1321 1863 1600 1942 religionis
1624 1858 1721 1918 suae
1747 1859 2024 1918 dofftorem
2046 1880 2393 1933 venerantur,

419 1948 670 2007 Ebrahim
704 1955 817 2005 Zer
853 1943 1085 2005 Ateuc‘ht
1118 1961 1470 2023 nuncupant:
1515 1962 1681 2022 quem
1713 1942 1976 1998 Divinam
2010 1941 2152 1999 suam
2188 1941 2395 2000 miffio-

422 2050 549 2086 nem
574 2030 817 2108 plurimis
840 2023 1216 2107 stupendisque
1242 2025 1507 2083 miraculis
1524 2020 1886 2099 comprobasse
1903 2019 2234 2092 fabulantur,
2251 2045 2394 2103 quo-

424 2132 544 2166 rum
567 2111 666 2166 alia
690 2131 753 2166 ex
778 2108 1109 2177 Abrahami,
1125 2110 1222 2163 alia
1245 2127 1309 2162 ex
1334 2106 1533 2182 Masis,
1549 2104 1646 2159 alia
1670 2124 1734 2158 ex
1758 2101 2028 2160 sociorum
2051 2106 2297 2160 Danielis
2312 2104 2394 2162 hi·

422 2188 582 2247 storia
606 2234 622 2261 ‚
667 2187 755 2249 sed
781 2189 974 2247 fabulis
998 2233 1015 2259 ‚
1059 2205 1119 2255 ut
1141 2185 1259 2242 fieri
1282 2183 1447 2254 solet,
1492 2185 1811 2261 interpolata
1827 2228 1843 2253 ,
1887 2182 2160 2263 desumpta
2181 2185 2393 2244 dixeris·

423 2270 487 2328 Id
522 2292 624 2349 prae
664 2273 863 2328 caeteris
888 2284 1191 2327 memorant
1215 2309 1230 2335 ‚
1277 2265 1427 2344 quod
1453 2285 1577 2344 rege
1602 2264 1878 2321 incredulo
1901 2264 2120 2338 jubente
2145 2309 2163 2335 ‚
2204 2264 2398 2325 lubens

426 2348 718 2428 volensque
745 2349 795 2406 se
821 2350 1111 2424 conjecerit
1134 2349 1192 2403 in
1215 2345 1468 2403 balneum
1493 2348 1700 2423 argenti
1720 2344 2023 2424 liquesaffi3
2058 2345 2200 2404 unde
2227 2368 2397 2426 quum

425 2427 875 2510 sanusvsospesque
899 2428 1122 2498 rediret,
1166 2427 1388 2485 cunROS
1409 2425 1488 2484 sui
1511 2426 1860 2484 admiratione
1885 2429 2157 2506 implevit,
2195 2426 2399 2485 doetri-

428 2532 615 2590 naeque
652 2509 751 2567 suae
784 2507 1147 2589 obsequibiles
1180 2506 1385 2565 habuit.
1455 2511 1643 2586 Atque
1667 2505 1793 2564 hinc
1818 2525 2036 2565 vocatus
2061 2507 2134 2565 est
2159 2512 2396 2565 Zer-A—

428 2592 624 2660 tendit,
667 2590 818 2671 quod
841 2589 1080 2670 ipsorum
1101 2591 1286 2668 lingua
1309 2587 1597 2668 fignificat,
1636 2592 1820 2645 Lotum
1844 2606 2064 2669 argento,
2106 2589 2191 2645 Illi
2214 2589 2395 2668 itaque

429 2677 601 2730 Gauri
622 2672 679 2728 in
702 2669 1104 2728 lustrationibus
1126 2666 1229 2726 suis
1252 2668 1392 2727 nihil
1411 2668 1611 2726 habent
1634 2667 1874 2728 sacratius
1897 2676 2048 2727 urina
2071 2674 2130 2728 V
2119 2689 2257 2726 acca.
2273 2668 2397 2729 Ubi

431 2755 552 2833 quis
575 2770 990 2831 purgamentum
1011 2752 1255 2820 calcavit,
1269 2769 1360 2807 aut
1381 2771 1496 2807 rem
1518 2771 1894 2831 quamcunque
1918 2750 2251 2808 immundam
2274 2752 2400 2808 atti-

432 2835 517 2911 git
539 2877 556 2902 ,
600 2832 696 2889 ubi
733 2854 796 2890 ex
826 2830 1155 2891 sacerdotum
1182 2830 1372 2888 ordine
1396 2832 1586 2910 aliquis
1611 2832 1667 2888 in
1694 2831 1909 2890 cadaver
1931 2831 2122 2888 incidit
2144 2849 2303 2911 atque
2328 2832 2398 2888 il-

432 2912 526 2971 lud
558 2913 834 2992 conspexit
855 2939 873 2984 3
900 2912 1008 2971 'hac
1046 2933 1210 2968 vacca
1245 2917 1398 2968 urina
1432 2909 1702 2990 purificari
1723 2934 1849 2971 eum
1871 2910 2071 2969 necesse
2098 2911 2188 2969 est.
2252 2915 2336 2969 At
2357 2911 2399 2971 fi

436 2995 556 3073 quis
590 2993 638 3050 se
662 2996 872 3072 piaculo
897 2993 1242 3053 obstrinxerit
1265 3037 1281 3062 ‚
1335 2994 1545 3050 urinam
1567 3013 1734 3051 vaccae
1758 2991 2042 3073 quatriduo
2068 2992 2396 3064 affervatam,

437 3077 636 3135 cortice
671 3073 836 3136 salicis
859 3119 877 3151 ,
918 3073 1136 3157 aliisque
1176 3072 1494 3156 quibusdam
1514 3071 1694 3135 herbis
1715 3076 1851 3135 mira
1872 3071 2243 3156 superstitione
2265 3071 2396 3131 mis-

2245 3170 2398 3229 cent,
