2539 3612
587 94 1001 155 Tmnunus
1043 96 1409 156 IsRAEms.
1458 96 1638 160 CAp,
1695 105 1738 160 Ι.
2049 135 2160 193 309

256 220 284 262 e
308 201 374 262 ab
400 201 620 261 ineunte
644 216 793 258 aetate
819 200 884 256 iis
909 198 1155 257 eruditus
1174 198 1374 259 artibus
1400 200 1600 281 quibus
1625 204 1844 283 ingenia
1872 207 1935 266 ad
1957 230 2160 292 magnae

172 224 405 345 {iditunae
439 284 644 341 cultum
670 283 962 338 incitantur
980 322 999 353 ,
1046 299 1267 339 mortuo
1298 285 1593 354 Salomone,
1639 282 1967 368 suffeeffiqu'e
1991 293 2163 350 ΚΛΜ-ε

173 362 346 422 beamo
376 409 391 435 ,
448 385 611 444 quem
645 379 803 419 tantae
836 361 971 417 moli
1008 362 1269 439 imparem
1305 385 1422 420 non
1457 386 1590 421 vane
1627 366 1996 441 conjefflfflbat,
2052 372 2160 451 ipse

171 446 411 526 ingentis
435 445 545 524 spei
567 443 783 522 plenuS,
805 462 887 498 res
915 463 1080 498 novas
1106 445 1289 500 moliri
1314 446 1499 522 coepit.
1524 447 1709 504 Fultus
1735 449 1903 527 igitur
1926 454 2164 529 optimas-

170 542 290 584 tum
324 525 505 583 favore
529 565 546 593 ‚
589 543 647 580 ac
684 521 860 580 studio
896 523 1085 602 vulgi,
1132 524 1228 602 qui
1264 521 1355 581 sua
1386 524 1574 603 sponte
1605 547 1893 587 contumax
1921 532 2162 592 adversus

167 606 488 684 imperantes
515 649 531 676 ,
578 605 684 662 levi
719 622 1004 661 momento
1049 603 1112 661 ad
1147 602 1505 663 rebellionem
1534 608 1829 686 impellitur
1858 654 1873 679 ,
1916 610 2158 690 specioso

165 704 452 764 praetextu,
471 706 635 743 onera
661 684 872 764 pridem
894 685 1101 762 populo
1129 684 1377 762 imposita
1401 689 1577 744 minui
1601 691 1775 767 petiit.
1820 692 1960 749 Non
1985 712 2157 753 atten-

159 764 320 824 debat
357 765 706 825 Rehabeamus
736 761 1055 823 difficillima
1079 765 1174 822 esse
1202 767 1530 846 principatus
1555 770 1737 827 initia:
1758 773 1814 827 in
1841 794 1951 851 quo
1978 797 2156 853 quum

161 848 372 924 explere
396 849 648 905 omnium
678 844 929 905 desideria
954 866 1053 902 nec
1079 843 1381 923 poffi3,nec
1407 850 1541 906 velle
1571 849 1790 921 debeas,
1806 874 1864 908 ea
1893 872 2072 913 tamen
2092 858 2149 914 in

160 924 371 985 delestu
397 926 724 986 observanda
737 927 810 985 est
824 926 1198 995 commoditas,
1216 932 1271 984 ὃς
1286 950 1500 987 morum
1528 933 1772 1007 com-itaS,
1789 956 1854 990 ne
1870 934 2154 1016 quisquam·

160 1003 338 1066 bonus
363 1031 392 1066 a
416 1011 575 1068 vultu
600 1015 654 1066 &
683 1008 925 1065 sermone
953 1009 1212 1088 princip-is
1249 1008 1449 1068 tristior
1487 1011 1735 1069 recessisse
1773 1035 2150 1095 conqueratur.

158 1089 351 1167 Spreto
380 1092 547 1169 igitur
570 1088 843 1147 seniorum
871 1088 1112 1159 consiliO,
1129 1111 1267 1168 quos
1293 1091 1459 1171 longa
1481 1111 1617 1161 aetaS,
1634 1099 1688 1149 &
1705 1098 2057 1172 negotiorum
2073 1121 2141 1154 u-

153 1165 269 1240 sus,
285 1168 718 1249 &sapientissimi
741 1173 1031 1227 Salomonis
1054 1168 1414 1243 consuetudo,
1442 1173 1669 1230 idoneos
1695 1172 2138 1235 dandisconiiliis

150 1244 422 1324 fecerant,
439 1254 535 1328 qui
558 1273 670 1307 uno
699 1250 984 1308 suadebant
1009 1272 1130 1321 ore,
1146 1269 1206 1307 ut
1230 1255 1388 1309 unius
1414 1253 1522 1312 diei
1546 1252 1812 1333 obsequio
1838 1255 2062 1317 firmum-
2080 1281 2138 1316 ac

150 1325 468 1386 diuturnum
492 1348 813 1386 mercaretur
841 1333 1158 1407 imperium,
1203 1331 1266 1388 ab
1293 1333 1582 1412 aequalibus
1606 1356 1891 1416 rerumque
1916 1340 2141 1418 imperi*

156 1408 226 1465 tis
265 1409 543 1489 instigatus
568 1454 584 1479 ‚
628 1407 883 1465 ferociter
910 1409 1186 1487 respondit
1211 1435 1223 1466 z
1273 1418 1573 1470 Minimum
1583 1413 1730 1490 sunm
1757 1416 1980 1496 digitum
2007 1421 2144 1497 cras?-

144 1489 332 1567 fiorem
353 1493 473 1568 fore
512 1488 689 1548 lumba
716 1495 911 1573 patriis
935 1510 954 1545 .:
999 1491 1304 1566 intenfhrum
1315 1492 1369 1565 se
1383 1501 1707 1572 gravitatem
1718 1501 1842 1576 jugi
1869 1520 1886 1554 .·
1933 1506 2143 1558 Patrem

141 1569 371 1651 flagellas
388 1616 403 1642 ,
433 1573 489 1648 fi>
501 1570 842 1654 scorpionibus
869 1576 924 1626 in
953 1570 1077 1652 ipfhs
1100 1570 1577 1649 animadversurum
1592 1599 1607 1643 3
1642 1592 1792 1654 atque
1819 1583 1895 1633 ita
1918 1579 2142 1638 domitu-

155 1671 273 1708 rum
308 1652 457 1729 istam
471 1651 681 1734 petendi
703 1651 1037 1730 querendique
1058 1659 1451 1709 contumaciam.
1512 1655 1653 1711 Non·
1681 1660 1862 1734 potuit
1886 1660 2143 1738 Jerohoa-

158 1751 269 1802 ma,
315 1732 380 1789 ad
402 1735 588 1790 omnia
612 1733 945 1810 invigilanti,
988 1734 1226 1808 optatior
1251 1731 1488 1791 subnasci
1511 1734 1733 1792 occasio.
1792 1741 1963 1797 Denae
1993 1745 2147 1800 enim

156 1830 222 1869 ex
253 1812 515 1871 duodenis
539 1811 813 1880 tribubuS,
857 1830 965 1869 tam
990 1810 1228 1869 trucibus
1254 1811 1558 1890 exasperatae
1582 1814 1839 1894 responsis
1855 1864 1870 1888 ,
1894 1818 2139 1880 secessio-

156 1914 224 1950 ne
254 1915 283 1951 a
307 1895 500 1951 Domo
527 1894 752 1951 Davidis
776 1892 939 1960 faeta,
986 1891 1232 1950 lubentes
1256 1890 1305 1949 se
1331 1894 1638 1973 Jeroboamo
1654 1941 1670 1965 ,
1717 1905 1938 1979 egregio
1969 1906 2138 1960 nimi-

156 1994 277 2032 rum
310 1974 566 2032 libertatis
602 1992 832 2054 patrono
870 1994 927 2030 ac
962 1973 1168 2031 vindici
1190 2020 1206 2045 ,
1261 1973 1562 2033 submisere.
1648 1980 1816 2036 Hunc
1848 1980 2014 2038 finem
2040 1983 2137 2040 ha-

154 2053 319 2113 buere
351 2057 605 2130 juvenilia
631 2061 685 2112 &
713 2055 878 2111 calida
917 2053 1162 2124 consilia,
1209 2076 1328 2134 quae
1364 2075 1424 2113 ut
1450 2061 1621 2135 prima
1647 2056 1818 2138 specie
1844 2063 1958 2120 laeta
1984 2062 2134 2136 sunt,

152 2136 228 2194 ita
254 2138 474 2194 trastatu
500 2137 904 2216 comperiuntur
931 2135 1090 2203 dura,
1136 2154 1332 2192 eventu
1356 2136 1538 2195 tristia.

138 2269 141 2271 ,
235 2221 333 2274 111.
380 2220 614 2275 Tantam
650 2238 834 2274 rerum>
863 2217 1223 2273 mutationem
1258 2219 1432 2274 multo
1470 2237 1590 2276 ante
1616 2223 1800 2292 Deus,
1845 2241 1960 2281 tum
1986 2229 2137 2282 Sala-
2201 2269 2206 2273 -

133 2304 455 2367 ‚moni,tum
482 2296 775 2377 jeroboamo
801 2297 1122 2376 praedixerat.
1167 2299 1327 2355 Illum
1353 2297 1575 2378 quidem
1599 2303 1796 2358 minaci
1821 2324 1957 2361 Voce
1978 2326 2131 2363 com-

133 2380 373 2458 pellavit
400 2404 411 2437 :
457 2401 508 2434 eo
533 2378 787 2458 qnodfuit
809 2379 901 2435 hoc
923 2378 1061 2462 apud
1083 2396 1131 2434 te
1158 2421 1174 2447 ‚
1218 2378 1351 2459 quod
1376 2399 1476 2435 non
1502 2376 1944 2460 obssrvastifoedus
1968 2408 2132 2442 meum

159 2471 241 2518 θ’
261 2460 460 2539 statuta
483 2482 595 2517 mea
629 2482 730 2539 quae
757 2467 965 2544 praecepi
990 2458 1084 2517 tibi
1107 2484 1123 2529 3
1167 2466 1367 2516 omnino
1392 2460 1621 2518 lacerabo
1647 2463 1740 2519 hoc
1761 2486 1972 2543 regnum
1997 2489 2030 2522 a
2055 2485 2132 2538 te,

152 2551 235 2599 (φ’
257 2542 620 2617 tradamft’rvo
644 2558 743 2598 tuo,
776 2561 798 2596 1
818 2543 956 2622 Reg.
972 2562 1060 2600 x1.
1084 2561 1172 2618 Π.
1218 2544 1368 2599 Huic
1394 2560 1572 2600 autem
1600 2565 1772 2623 quum
1796 2545 1936 2603 forte
1964 2550 2020 2603 in
2045 2550 2130 2605 via

151 2622 456 2682 occurrisset
491 2622 664 2679 Ahias
700 2623 971 2693 Silonites,
1014 2620 1275 2702 prehenso
1310 2645 1456 2681 novo
1484 2625 1633 2704 quod
1658 2626 1872 2684 indutui
1896 2626 2126 2685 habebat

132 2700 472 2762 -vestimento
511 2705 567 2760 in
606 2703 892 2761 duodecim
925 2703 1056 2762 illud
1080 2705 1326 2762 laceravit
1350 2703 1687 2785 fragmenta:
1732 2727 1966 2785 quorum
1990 2707 2133 2771 dena·

126 2784 456 2865 ..Jeroboamo
481 2784 725 2853 tradidit,
769 2783 949 2842 addito
976 2808 988 2842 ε
1022 2787 1098 2863 fic
1120 2791 1199 2842 ait
1221 2785 1435 2865 Jehovcz
1459 2790 1603 2843 Deus
1626 2786 1861 2862 Ifrab'lis,
1905 2809 2014 2842 ecce
2037 2811 2122 2868 ego

128 2868 464 2925 vlaceratums
485 2867 598 2943 fitm
622 2886 830 2945 regnum
854 2864 944 2921 hoc
968 2887 993 2920 e
1018 2887 1173 2923 manu
1196 2869 1483 2923 Salomonis
1507 2912 1524 2938 ,
1582 2880 1661 2924 (φ
1683 2866 1894 2924 daturm
1916 2866 2012 2923 tibi
2031 2870 2124 2924 de-

126 2966 253 3006 -cem
285 2948 456 3006 tribm.
498 2946 628 3005 ibid.
656 2953 716 3009 ib.
748 2966 838 3019 29.
870 2964 958 3024 30.
988 2965 1078 3024 31.
1158 2946 1365 3005 Frustra
1392 2946 1503 3005 fato
1528 2946 1803 3005 oblue'tans
1827 2950 2027 3005 Salomo
2053 2949 2119 3008 de

120 3029 382 3092 ·necand0
407 3027 713 3110 Jeroboamo
741 3026 958 3088 consilia
981 3025 1534 3186 inibatQSupervixit
1557 3030 1676 3100 ille,
1721 3034 1775 3087 δε
1801 3032 2006 3109 potitus
2030 3052 2117 3088 rc-

1230 3128 1267 3187 q
1315 3130 1338 3185 3
2007 3132 2129 3189 gno.
