<?xml version="1.0" encoding="UTF-8"?>
<!DOCTYPE html PUBLIC "-//W3C//DTD XHTML 1.0 Transitional//EN"
    "http://www.w3.org/TR/xhtml1/DTD/xhtml1-transitional.dtd">
<html xmlns="http://www.w3.org/1999/xhtml" xml:lang="en" lang="en">
 <head>
  <title>
</title>
<meta http-equiv="Content-Type" content="text/html;charset=utf-8" />
  <meta name='ocr-system' content='tesseract 3.04.00' />
  <meta name='ocr-capabilities' content='ocr_page ocr_carea ocr_par ocr_line ocrx_word'/>
</head>
<body>
  <div class='ocr_page' id='page_1' title='image "./hermanniwitsiiae00wits_0314.png"; bbox 0 0 2539 3612; ppageno 0'>
   <div class='ocr_carea' id='block_1_1' title="bbox 424 121 1924 199">
    <p class='ocr_par' dir='ltr' id='par_1_1' title="bbox 424 121 1924 199">
     <span class='ocr_line' id='line_1_1' title="bbox 424 121 1924 199; baseline -0.015 -16"><span class='ocrx_word' id='word_1_1' title='bbox 424 121 538 199; x_wconf 68' lang='lat'><strong>296</strong></span> <span class='ocrx_word' id='word_1_2' title='bbox 956 121 1924 175; x_wconf 76' lang='lat' dir='ltr'><strong>AEGYPTIA.CoRUM</strong></span> 
     </span>
    </p>
   </div>
   <div class='ocr_carea' id='block_1_2' title="bbox 415 203 2488 3126">
    <p class='ocr_par' dir='ltr' id='par_1_2' title="bbox 415 203 2424 1274">
     <span class='ocr_line' id='line_1_2' title="bbox 415 203 2408 301; baseline -0.01 -16"><span class='ocrx_word' id='word_1_3' title='bbox 415 227 661 285; x_wconf 84' lang='lat' dir='ltr'><strong>dicantur</strong></span> <span class='ocrx_word' id='word_1_4' title='bbox 684 265 702 293; x_wconf 90' lang='lat'>‚</span> <span class='ocrx_word' id='word_1_5' title='bbox 756 239 931 301; x_wconf 83' lang='lat' dir='ltr'><strong>quum·</strong></span> <span class='ocrx_word' id='word_1_6' title='bbox 954 215 1028 274; x_wconf 83' lang='lat' dir='ltr'><strong>ob</strong></span> <span class='ocrx_word' id='word_1_7' title='bbox 1053 217 1173 274; x_wconf 79' lang='lat' dir='ltr'><strong>alias</strong></span> <span class='ocrx_word' id='word_1_8' title='bbox 1200 203 1388 270; x_wconf 65' lang='lat' dir='ltr'><strong>caussas</strong></span> <span class='ocrx_word' id='word_1_9' title='bbox 1412 255 1430 282; x_wconf 89' lang='lat'>,</span> <span class='ocrx_word' id='word_1_10' title='bbox 1484 229 1602 268; x_wconf 85' lang='lat' dir='ltr'><strong>tum</strong></span> <span class='ocrx_word' id='word_1_11' title='bbox 1636 208 1898 287; x_wconf 77' lang='lat' dir='ltr'>praecipue</span> <span class='ocrx_word' id='word_1_12' title='bbox 1921 206 2129 264; x_wconf 85' lang='lat' dir='ltr'><strong>ratione</strong></span> <span class='ocrx_word' id='word_1_13' title='bbox 2165 211 2408 288; x_wconf 66' lang='lat' dir='ltr'><strong>anginis,</strong></span> 
     </span>
     <span class='ocr_line' id='line_1_3' title="bbox 417 286 2413 386; baseline -0.011 -22"><span class='ocrx_word' id='word_1_14' title='bbox 417 309 547 386; x_wconf 88' lang='lat' dir='ltr'><strong>quia</strong></span> <span class='ocrx_word' id='word_1_15' title='bbox 579 305 740 362; x_wconf 87' lang='lat' dir='ltr'><strong>seculi</strong></span> <span class='ocrx_word' id='word_1_16' title='bbox 777 298 1020 358; x_wconf 91' lang='lat' dir='ltr'><strong>moribus</strong></span> <span class='ocrx_word' id='word_1_17' title='bbox 1068 292 1251 354; x_wconf 87' lang='lat' dir='ltr'><strong>ortum</strong></span> <span class='ocrx_word' id='word_1_18' title='bbox 1297 291 1526 350; x_wconf 83' lang='lat' dir='ltr'><strong>debuere</strong></span> <span class='ocrx_word' id='word_1_19' title='bbox 1565 315 1581 360; x_wconf 83' lang='lat'>3</span> <span class='ocrx_word' id='word_1_20' title='bbox 1649 286 1843 346; x_wconf 87' lang='lat' dir='ltr'><strong>sancita</strong></span> <span class='ocrx_word' id='word_1_21' title='bbox 1878 289 2079 368; x_wconf 85' lang='lat' dir='ltr'>quippe</span> <span class='ocrx_word' id='word_1_22' title='bbox 2120 306 2182 345; x_wconf 88' lang='lat' dir='ltr'><strong>ut</strong></span> <span class='ocrx_word' id='word_1_23' title='bbox 2221 311 2413 350; x_wconf 63' lang='lat' dir='ltr'><strong>eorum,</strong></span> 
     </span>
     <span class='ocr_line' id='line_1_4' title="bbox 418 370 2410 458; baseline -0.008 -14"><span class='ocrx_word' id='word_1_24' title='bbox 418 386 714 444; x_wconf 87' lang='lat' dir='ltr'><strong>nonnullos</strong></span> <span class='ocrx_word' id='word_1_25' title='bbox 749 383 888 437; x_wconf 89' lang='lat' dir='ltr'><strong>vitio</strong></span> <span class='ocrx_word' id='word_1_26' title='bbox 923 379 1106 458; x_wconf 87' lang='lat' dir='ltr'><strong>aliquo</strong></span> <span class='ocrx_word' id='word_1_27' title='bbox 1149 391 1367 434; x_wconf 84' lang='lat' dir='ltr'><strong>notatos</strong></span> <span class='ocrx_word' id='word_1_28' title='bbox 1393 396 1421 430; x_wconf 92' lang='lat' dir='ltr'><strong>e</strong></span> <span class='ocrx_word' id='word_1_29' title='bbox 1448 371 1631 430; x_wconf 87' lang='lat' dir='ltr'><strong>medio</strong></span> <span class='ocrx_word' id='word_1_30' title='bbox 1670 371 1923 427; x_wconf 87' lang='lat' dir='ltr'><strong>tollerent</strong></span> <span class='ocrx_word' id='word_1_31' title='bbox 1950 413 1965 438; x_wconf 91' lang='lat'>,</span> <span class='ocrx_word' id='word_1_32' title='bbox 2034 370 2165 427; x_wconf 86' lang='lat' dir='ltr'><strong>alios</strong></span> <span class='ocrx_word' id='word_1_33' title='bbox 2201 387 2410 442; x_wconf 88' lang='lat' dir='ltr'><strong>autem,</strong></span> 
     </span>
     <span class='ocr_line' id='line_1_5' title="bbox 419 449 2411 535; baseline -0.007 -12"><span class='ocrx_word' id='word_1_34' title='bbox 419 466 623 524; x_wconf 84' lang='lat' dir='ltr'><strong>summa</strong></span> <span class='ocrx_word' id='word_1_35' title='bbox 650 484 774 520; x_wconf 86' lang='lat' dir='ltr'><strong>cum</strong></span> <span class='ocrx_word' id='word_1_36' title='bbox 798 461 999 518; x_wconf 86' lang='lat' dir='ltr'><strong>cautela</strong></span> <span class='ocrx_word' id='word_1_37' title='bbox 1026 503 1043 530; x_wconf 87' lang='lat'>‚</span> <span class='ocrx_word' id='word_1_38' title='bbox 1099 459 1403 516; x_wconf 86' lang='lat' dir='ltr'><strong>tolerarent.</strong></span> <span class='ocrx_word' id='word_1_39' title='bbox 1492 452 1596 510; x_wconf 85' lang='lat' dir='ltr'><strong>Sed</strong></span> <span class='ocrx_word' id='word_1_40' title='bbox 1632 473 1747 509; x_wconf 90' lang='lat' dir='ltr'><strong>non</strong></span> <span class='ocrx_word' id='word_1_41' title='bbox 1776 449 1950 529; x_wconf 79' lang='lat' dir='ltr'><strong>potest</strong></span> <span class='ocrx_word' id='word_1_42' title='bbox 1979 452 2226 528; x_wconf 86' lang='lat' dir='ltr'><strong>ignorare</strong></span> <span class='ocrx_word' id='word_1_43' title='bbox 2252 457 2411 535; x_wconf 82' lang='lat' dir='ltr'><strong>Spen-</strong></span> 
     </span>
     <span class='ocr_line' id='line_1_6' title="bbox 417 528 2417 615; baseline -0.006 -14"><span class='ocrx_word' id='word_1_44' title='bbox 417 567 556 603; x_wconf 67' lang='lat' dir='ltr'><strong>ceruo·</strong></span> <span class='ocrx_word' id='word_1_45' title='bbox 585 590 601 615; x_wconf 85' lang='lat'>,</span> <span class='ocrx_word' id='word_1_46' title='bbox 658 540 1064 602; x_wconf 80' lang='lat' dir='ltr'><strong>controversum</strong></span> <span class='ocrx_word' id='word_1_47' title='bbox 1098 535 1397 597; x_wconf 80' lang='lat' dir='ltr'>admodum</span> <span class='ocrx_word' id='word_1_48' title='bbox 1415 535 1555 592; x_wconf 87' lang='lat' dir='ltr'><strong>illius</strong></span> <span class='ocrx_word' id='word_1_49' title='bbox 1584 535 1693 589; x_wconf 87' lang='lat' dir='ltr'><strong>loci</strong></span> <span class='ocrx_word' id='word_1_50' title='bbox 1727 529 1936 588; x_wconf 87' lang='lat' dir='ltr'><strong>sensum</strong></span> <span class='ocrx_word' id='word_1_51' title='bbox 1963 528 2062 588; x_wconf 77' lang='lat' dir='ltr'><strong>effe</strong></span> <span class='ocrx_word' id='word_1_52' title='bbox 2086 575 2102 600; x_wconf 90' lang='lat'>‚</span> <span class='ocrx_word' id='word_1_53' title='bbox 2165 537 2220 588; x_wconf 72' lang='grc' dir='ltr'><strong>ἅτ</strong></span> <span class='ocrx_word' id='word_1_54' title='bbox 2246 554 2417 613; x_wconf 80' lang='lat' dir='ltr'><strong>quem</strong></span> 
     </span>
     <span class='ocr_line' id='line_1_7' title="bbox 416 611 2412 705; baseline -0.007 -22"><span class='ocrx_word' id='word_1_55' title='bbox 416 626 526 704; x_wconf 75' lang='lat' dir='ltr'><strong>ipse</strong></span> <span class='ocrx_word' id='word_1_56' title='bbox 553 627 718 705; x_wconf 88' lang='lat' dir='ltr'><strong>elegit</strong></span> <span class='ocrx_word' id='word_1_57' title='bbox 741 669 758 696; x_wconf 83' lang='lat'>,</span> <span class='ocrx_word' id='word_1_58' title='bbox 815 626 942 704; x_wconf 86' lang='lat' dir='ltr'><strong>quia</strong></span> <span class='ocrx_word' id='word_1_59' title='bbox 964 620 1244 681; x_wconf 84' lang='lat' dir='ltr'><strong>videbatur</strong></span> <span class='ocrx_word' id='word_1_60' title='bbox 1267 615 1456 674; x_wconf 88' lang='lat' dir='ltr'><strong>servire</strong></span> <span class='ocrx_word' id='word_1_61' title='bbox 1483 611 1761 694; x_wconf 77' lang='lat' dir='ltr'><strong>hypothesi</strong></span> <span class='ocrx_word' id='word_1_62' title='bbox 1788 657 1803 682; x_wconf 92' lang='lat'>‚</span> <span class='ocrx_word' id='word_1_63' title='bbox 1865 613 2108 692; x_wconf 86' lang='lat' dir='ltr'><strong>quamvis</strong></span> <span class='ocrx_word' id='word_1_64' title='bbox 2138 613 2328 672; x_wconf 82' lang='lat' dir='ltr'>timide</span> <span class='ocrx_word' id='word_1_65' title='bbox 2355 620 2412 674; x_wconf 76' lang='grc' dir='ltr'><strong>δε</strong></span> 
     </span>
     <span class='ocr_line' id='line_1_8' title="bbox 417 691 2413 780; baseline -0.005 -17"><span class='ocrx_word' id='word_1_66' title='bbox 417 706 683 764; x_wconf 83' lang='lat' dir='ltr'><strong>haefitante</strong></span> <span class='ocrx_word' id='word_1_67' title='bbox 720 707 904 764; x_wconf 88' lang='lat' dir='ltr'><strong>animo</strong></span> <span class='ocrx_word' id='word_1_68' title='bbox 932 746 947 772; x_wconf 88' lang='lat'>‚</span> <span class='ocrx_word' id='word_1_69' title='bbox 1017 723 1144 759; x_wconf 87' lang='lat' dir='ltr'><strong>eum</strong></span> <span class='ocrx_word' id='word_1_70' title='bbox 1180 696 1443 780; x_wconf 87' lang='lat' dir='ltr'><strong>plerisque</strong></span> <span class='ocrx_word' id='word_1_71' title='bbox 1481 693 1869 774; x_wconf 79' lang='lat' dir='ltr'><strong>Interpretibus</strong></span> <span class='ocrx_word' id='word_1_72' title='bbox 1908 691 1982 750; x_wconf 91' lang='lat' dir='ltr'><strong>ob</strong></span> <span class='ocrx_word' id='word_1_73' title='bbox 2023 694 2259 751; x_wconf 87' lang='lat' dir='ltr'><strong>rationes</strong></span> <span class='ocrx_word' id='word_1_74' title='bbox 2295 717 2413 755; x_wconf 90' lang='lat' dir='ltr'><strong>non</strong></span> 
     </span>
     <span class='ocr_line' id='line_1_9' title="bbox 417 772 2415 862; baseline -0.006 -16"><span class='ocrx_word' id='word_1_75' title='bbox 417 786 842 845; x_wconf 87' lang='lat' dir='ltr'><strong>contemnendas</strong></span> <span class='ocrx_word' id='word_1_76' title='bbox 882 781 1195 862; x_wconf 84' lang='lat' dir='ltr'><strong>improbari.</strong></span> <span class='ocrx_word' id='word_1_77' title='bbox 1282 782 1431 860; x_wconf 79' lang='lat' dir='ltr'><strong>Qia</strong></span> <span class='ocrx_word' id='word_1_78' title='bbox 1456 795 1635 835; x_wconf 87' lang='lat' dir='ltr'><strong>tamen</strong></span> <span class='ocrx_word' id='word_1_79' title='bbox 1657 798 1720 831; x_wconf 80' lang='lat' dir='ltr'><strong>ex</strong></span> <span class='ocrx_word' id='word_1_80' title='bbox 1752 772 2074 832; x_wconf 85' lang='lat' dir='ltr'><strong>nostratibus</strong></span> <span class='ocrx_word' id='word_1_81' title='bbox 2103 778 2265 833; x_wconf 87' lang='lat' dir='ltr'><strong>etiam</strong></span> <span class='ocrx_word' id='word_1_82' title='bbox 2286 779 2415 836; x_wconf 91' lang='lat' dir='ltr'><strong>Viri</strong></span> 
     </span>
     <span class='ocr_line' id='line_1_10' title="bbox 415 855 2424 944; baseline -0.005 -19"><span class='ocrx_word' id='word_1_83' title='bbox 415 867 732 925; x_wconf 63' lang='lat' dir='ltr'><strong>Dociiffimi</strong></span> <span class='ocrx_word' id='word_1_84' title='bbox 767 864 889 923; x_wconf 83' lang='lat' dir='ltr'><strong>funt</strong></span> <span class='ocrx_word' id='word_1_85' title='bbox 912 862 1110 944; x_wconf 85' lang='lat' dir='ltr'><strong>quibus</strong></span> <span class='ocrx_word' id='word_1_86' title='bbox 1137 884 1197 919; x_wconf 91' lang='lat' dir='ltr'><strong>ea</strong></span> <span class='ocrx_word' id='word_1_87' title='bbox 1224 862 1364 919; x_wconf 89' lang='lat' dir='ltr'><strong>illius</strong></span> <span class='ocrx_word' id='word_1_88' title='bbox 1401 858 1684 937; x_wconf 82' lang='lat' dir='ltr'>explicatio</span> <span class='ocrx_word' id='word_1_89' title='bbox 1709 855 1962 912; x_wconf 60' lang='lat' dir='ltr'><strong>hactenus</strong></span> <span class='ocrx_word' id='word_1_90' title='bbox 1987 855 2297 927; x_wconf 74' lang='lat' dir='ltr'>allubescit,</span> <span class='ocrx_word' id='word_1_91' title='bbox 2354 877 2424 917; x_wconf 78' lang='lat' dir='ltr'><strong>ut.</strong></span> 
     </span>
     <span class='ocr_line' id='line_1_11' title="bbox 416 936 2416 1027; baseline -0.005 -20"><span class='ocrx_word' id='word_1_92' title='bbox 416 970 514 1027; x_wconf 88' lang='lat' dir='ltr'><strong>per</strong></span> <span class='ocrx_word' id='word_1_93' title='bbox 553 948 742 1006; x_wconf 86' lang='lat' dir='ltr'><strong>statuta</strong></span> <span class='ocrx_word' id='word_1_94' title='bbox 776 968 891 1004; x_wconf 88' lang='lat' dir='ltr'><strong>non</strong></span> <span class='ocrx_word' id='word_1_95' title='bbox 916 945 1063 1002; x_wconf 87' lang='lat' dir='ltr'><strong>bona</strong></span> <span class='ocrx_word' id='word_1_96' title='bbox 1091 947 1265 1023; x_wconf 82' lang='lat' dir='ltr'>Leges</span> <span class='ocrx_word' id='word_1_97' title='bbox 1290 943 1502 998; x_wconf 79' lang='lat' dir='ltr'><strong>rituales</strong></span> <span class='ocrx_word' id='word_1_98' title='bbox 1528 936 1875 1013; x_wconf 73' lang='lat' dir='ltr'><strong>intelligant,</strong></span> <span class='ocrx_word' id='word_1_99' title='bbox 1933 957 2048 993; x_wconf 90' lang='lat' dir='ltr'><strong>non</strong></span> <span class='ocrx_word' id='word_1_100' title='bbox 2082 936 2235 995; x_wconf 91' lang='lat' dir='ltr'><strong>lubet</strong></span> <span class='ocrx_word' id='word_1_101' title='bbox 2268 960 2416 997; x_wconf 91' lang='lat' dir='ltr'><strong>nunc</strong></span> 
     </span>
     <span class='ocr_line' id='line_1_12' title="bbox 417 1016 2420 1109; baseline -0.004 -23"><span class='ocrx_word' id='word_1_102' title='bbox 417 1029 573 1109; x_wconf 85' lang='lat' dir='ltr'><strong>super</strong></span> <span class='ocrx_word' id='word_1_103' title='bbox 601 1052 662 1088; x_wconf 86' lang='lat' dir='ltr'><strong>ea</strong></span> <span class='ocrx_word' id='word_1_104' title='bbox 688 1051 742 1086; x_wconf 84' lang='lat' dir='ltr'><strong>re</strong></span> <span class='ocrx_word' id='word_1_105' title='bbox 766 1029 1018 1085; x_wconf 84' lang='lat' dir='ltr'><strong>altercari.</strong></span> <span class='ocrx_word' id='word_1_106' title='bbox 1108 1027 1278 1082; x_wconf 84' lang='lat' dir='ltr'><strong>Satius</strong></span> <span class='ocrx_word' id='word_1_107' title='bbox 1303 1044 1401 1101; x_wconf 87' lang='lat' dir='ltr'><strong>pro</strong></span> <span class='ocrx_word' id='word_1_108' title='bbox 1429 1018 1711 1077; x_wconf 88' lang='lat' dir='ltr'><strong>communi</strong></span> <span class='ocrx_word' id='word_1_109' title='bbox 1733 1017 1945 1094; x_wconf 84' lang='lat' dir='ltr'><strong>pietatis</strong></span> <span class='ocrx_word' id='word_1_110' title='bbox 1972 1016 2137 1074; x_wconf 84' lang='lat' dir='ltr'><strong>cauffa</strong></span> <span class='ocrx_word' id='word_1_111' title='bbox 2159 1021 2260 1075; x_wconf 88' lang='lat' dir='ltr'><strong>erit</strong></span> <span class='ocrx_word' id='word_1_112' title='bbox 2288 1059 2298 1078; x_wconf 80' lang='grc'><em>,</em></span> <span class='ocrx_word' id='word_1_113' title='bbox 2355 1038 2420 1079; x_wconf 90' lang='lat' dir='ltr'><strong>ut·</strong></span> 
     </span>
     <span class='ocr_line' id='line_1_13' title="bbox 420 1095 2423 1188; baseline -0.005 -20"><span class='ocrx_word' id='word_1_114' title='bbox 420 1110 761 1169; x_wconf 85' lang='lat' dir='ltr'><strong>ostendamus</strong></span> <span class='ocrx_word' id='word_1_115' title='bbox 789 1154 805 1179; x_wconf 82' lang='lat'>‚</span> <span class='ocrx_word' id='word_1_116' title='bbox 865 1130 933 1166; x_wconf 89' lang='lat' dir='ltr'><strong>ne</strong></span> <span class='ocrx_word' id='word_1_117' title='bbox 959 1106 1182 1188; x_wconf 87' lang='lat' dir='ltr'><strong>quidem</strong></span> <span class='ocrx_word' id='word_1_118' title='bbox 1208 1127 1267 1162; x_wconf 88' lang='lat' dir='ltr'><strong>ea</strong></span> <span class='ocrx_word' id='word_1_119' title='bbox 1292 1099 1734 1180; x_wconf 75' lang='lat' dir='ltr'><strong>interpretatione</strong></span> <span class='ocrx_word' id='word_1_120' title='bbox 1763 1097 1881 1154; x_wconf 86' lang='lat' dir='ltr'><strong>data</strong></span> <span class='ocrx_word' id='word_1_121' title='bbox 1904 1096 1959 1155; x_wconf 93' lang='lat' dir='ltr'><strong>id</strong></span> <span class='ocrx_word' id='word_1_122' title='bbox 1984 1095 2243 1178; x_wconf 85' lang='lat' dir='ltr'><strong>consequi</strong></span> <span class='ocrx_word' id='word_1_123' title='bbox 2268 1101 2423 1180; x_wconf 88' lang='lat' dir='ltr'><strong>quod·</strong></span> 
     </span>
     <span class='ocr_line' id='line_1_14' title="bbox 419 1197 943 1274; baseline -0.008 -26"><span class='ocrx_word' id='word_1_124' title='bbox 419 1197 694 1274; x_wconf 80' lang='lat' dir='ltr'><strong>Spencerns</strong></span> <span class='ocrx_word' id='word_1_125' title='bbox 722 1207 943 1269; x_wconf 80' lang='lat' dir='ltr'><strong>pugnat.</strong></span> 
     </span>
    </p>

    <p class='ocr_par' dir='ltr' id='par_1_3' title="bbox 420 1259 2432 2302">
     <span class='ocr_line' id='line_1_15' title="bbox 507 1259 2414 1349; baseline -0.006 -17"><span class='ocrx_word' id='word_1_126' title='bbox 507 1276 676 1332; x_wconf 89' lang='lat' dir='ltr'><strong>XIX.</strong></span> <span class='ocrx_word' id='word_1_127' title='bbox 738 1273 854 1349; x_wconf 68' lang='lat' dir='ltr'><strong>Qui</strong></span> <span class='ocrx_word' id='word_1_128' title='bbox 901 1287 1160 1348; x_wconf 73' lang='lat' dir='ltr'><strong>praccepta</strong></span> <span class='ocrx_word' id='word_1_129' title='bbox 1185 1309 1201 1335; x_wconf 88' lang='lat'>,</span> <span class='ocrx_word' id='word_1_130' title='bbox 1257 1285 1376 1346; x_wconf 75' lang='lat' dir='ltr'><strong>quae</strong></span> <span class='ocrx_word' id='word_1_131' title='bbox 1423 1262 1666 1343; x_wconf 76' lang='lat' dir='ltr'><strong>dogmata</strong></span> <span class='ocrx_word' id='word_1_132' title='bbox 1701 1260 1955 1317; x_wconf 88' lang='lat' dir='ltr'><strong>dicuntur</strong></span> <span class='ocrx_word' id='word_1_133' title='bbox 1978 1304 1994 1328; x_wconf 87' lang='lat'>‚</span> <span class='ocrx_word' id='word_1_134' title='bbox 2050 1259 2154 1317; x_wconf 76' lang='lat' dir='ltr'><strong>sive</strong></span> <span class='ocrx_word' id='word_1_135' title='bbox 2191 1263 2414 1339; x_wconf 80' lang='lat' dir='ltr'><strong>placita,</strong></span> 
     </span>
     <span class='ocr_line' id='line_1_16' title="bbox 420 1339 2415 1434; baseline -0.006 -22"><span class='ocrx_word' id='word_1_136' title='bbox 420 1354 588 1434; x_wconf 82' lang='lat' dir='ltr'><strong>vulgo</strong></span> <span class='ocrx_word' id='word_1_137' title='bbox 615 1353 1018 1420; x_wconf 67' lang='lat' dir='ltr'><strong>caerimonialia,</strong></span> <span class='ocrx_word' id='word_1_138' title='bbox 1073 1371 1172 1406; x_wconf 77' lang='lat' dir='ltr'><strong>non</strong></span> <span class='ocrx_word' id='word_1_139' title='bbox 1200 1347 1329 1405; x_wconf 66' lang='lat' dir='ltr'><strong>bona</strong></span> <span class='ocrx_word' id='word_1_140' title='bbox 1349 1345 1438 1402; x_wconf 88' lang='lat' dir='ltr'><strong>hic</strong></span> <span class='ocrx_word' id='word_1_141' title='bbox 1464 1366 1492 1399; x_wconf 91' lang='lat' dir='ltr'><strong>a</strong></span> <span class='ocrx_word' id='word_1_142' title='bbox 1515 1346 1644 1399; x_wconf 89' lang='lat' dir='ltr'><strong>Deo</strong></span> <span class='ocrx_word' id='word_1_143' title='bbox 1675 1339 1785 1397; x_wconf 86' lang='lat' dir='ltr'><strong>dici</strong></span> <span class='ocrx_word' id='word_1_144' title='bbox 1806 1358 2110 1412; x_wconf 77' lang='lat' dir='ltr'><strong>autumant,</strong></span> <span class='ocrx_word' id='word_1_145' title='bbox 2155 1340 2244 1399; x_wconf 87' lang='lat' dir='ltr'><strong>has</strong></span> <span class='ocrx_word' id='word_1_146' title='bbox 2274 1345 2415 1403; x_wconf 76' lang='lat' dir='ltr'><strong>illius</strong></span> 
     </span>
     <span class='ocr_line' id='line_1_17' title="bbox 420 1420 2425 1509; baseline -0.004 -16"><span class='ocrx_word' id='word_1_147' title='bbox 420 1435 883 1494; x_wconf 86' lang='lat' dir='ltr'><strong>denominationis</strong></span> <span class='ocrx_word' id='word_1_148' title='bbox 919 1431 1228 1509; x_wconf 88' lang='lat' dir='ltr'><strong>producunt</strong></span> <span class='ocrx_word' id='word_1_149' title='bbox 1264 1428 1523 1483; x_wconf 75' lang='lat' dir='ltr'><strong>rationes..</strong></span> <span class='ocrx_word' id='word_1_150' title='bbox 1599 1421 1741 1478; x_wconf 89' lang='lat' dir='ltr'><strong>Non</strong></span> <span class='ocrx_word' id='word_1_151' title='bbox 1778 1420 1898 1479; x_wconf 87' lang='lat' dir='ltr'><strong>sunt</strong></span> <span class='ocrx_word' id='word_1_152' title='bbox 1933 1420 2093 1479; x_wconf 85' lang='lat' dir='ltr'><strong>bona.</strong></span> <span class='ocrx_word' id='word_1_153' title='bbox 2158 1444 2200 1480; x_wconf 84' lang='lat'><strong>1.</strong></span> <span class='ocrx_word' id='word_1_154' title='bbox 2237 1425 2323 1482; x_wconf 89' lang='lat' dir='ltr'><strong>Ut</strong></span> <span class='ocrx_word' id='word_1_155' title='bbox 2359 1429 2425 1484; x_wconf 74' lang='lat' dir='ltr'><strong>in:</strong></span> 
     </span>
     <span class='ocr_line' id='line_1_18' title="bbox 421 1502 2427 1596; baseline -0.006 -24"><span class='ocrx_word' id='word_1_156' title='bbox 421 1516 621 1596; x_wconf 76' lang='lat' dir='ltr'><strong>quibus</strong></span> <span class='ocrx_word' id='word_1_157' title='bbox 645 1512 889 1572; x_wconf 73' lang='lat' dir='ltr'><strong>consistat</strong></span> <span class='ocrx_word' id='word_1_158' title='bbox 914 1515 1094 1590; x_wconf 82' lang='lat' dir='ltr'><strong>imago</strong></span> <span class='ocrx_word' id='word_1_159' title='bbox 1131 1511 1285 1577; x_wconf 85' lang='lat' dir='ltr'><strong>Dei,</strong></span> <span class='ocrx_word' id='word_1_160' title='bbox 1343 1512 1397 1563; x_wconf 87' lang='lat'>&amp;</span> <span class='ocrx_word' id='word_1_161' title='bbox 1425 1526 1548 1562; x_wconf 87' lang='lat' dir='ltr'><strong>vera</strong></span> <span class='ocrx_word' id='word_1_162' title='bbox 1594 1502 1834 1560; x_wconf 65' lang='lat' dir='ltr'><strong>sanctitas</strong></span> <span class='ocrx_word' id='word_1_163' title='bbox 1877 1502 2132 1563; x_wconf 83' lang='lat' dir='ltr'><strong>hominis,</strong></span> <span class='ocrx_word' id='word_1_164' title='bbox 2209 1525 2291 1563; x_wconf 91' lang='lat'><strong>11.</strong></span> <span class='ocrx_word' id='word_1_165' title='bbox 2335 1508 2427 1565; x_wconf 84' lang='lat' dir='ltr'><strong>Ut</strong></span> 
     </span>
     <span class='ocr_line' id='line_1_19' title="bbox 422 1584 2429 1674; baseline -0.004 -22"><span class='ocrx_word' id='word_1_166' title='bbox 422 1597 683 1671; x_wconf 78' lang='lat' dir='ltr'><strong>jucunda,</strong></span> <span class='ocrx_word' id='word_1_167' title='bbox 729 1596 854 1674; x_wconf 87' lang='lat' dir='ltr'><strong>quia</strong></span> <span class='ocrx_word' id='word_1_168' title='bbox 882 1591 1003 1650; x_wconf 87' lang='lat' dir='ltr'><strong>sunt</strong></span> <span class='ocrx_word' id='word_1_169' title='bbox 1025 1612 1180 1671; x_wconf 84' lang='lat' dir='ltr'><strong>grave</strong></span> <span class='ocrx_word' id='word_1_170' title='bbox 1207 1595 1263 1644; x_wconf 85' lang='lat'>&amp;</span> <span class='ocrx_word' id='word_1_171' title='bbox 1289 1584 1630 1664; x_wconf 84' lang='lat' dir='ltr'><strong>importabile</strong></span> <span class='ocrx_word' id='word_1_172' title='bbox 1654 1589 1859 1658; x_wconf 86' lang='lat' dir='ltr'><strong>jugum.</strong></span> <span class='ocrx_word' id='word_1_173' title='bbox 1926 1600 1947 1635; x_wconf 91' lang='lat'>1</span> <span class='ocrx_word' id='word_1_174' title='bbox 1967 1602 1987 1637; x_wconf 89' lang='lat'>1</span> <span class='ocrx_word' id='word_1_175' title='bbox 2008 1601 2056 1639; x_wconf 87' lang='lat'><strong>1.</strong></span> <span class='ocrx_word' id='word_1_176' title='bbox 2099 1585 2186 1640; x_wconf 85' lang='lat' dir='ltr'><strong>Ut</strong></span> <span class='ocrx_word' id='word_1_177' title='bbox 2210 1589 2267 1642; x_wconf 90' lang='lat' dir='ltr'><strong>in</strong></span> <span class='ocrx_word' id='word_1_178' title='bbox 2294 1591 2429 1666; x_wconf 83' lang='lat' dir='ltr'><strong>qui--</strong></span> 
     </span>
     <span class='ocr_line' id='line_1_20' title="bbox 426 1661 2428 1748; baseline -0.007 -14"><span class='ocrx_word' id='word_1_179' title='bbox 426 1678 525 1734; x_wconf 78' lang='lat' dir='ltr'><strong>bus</strong></span> <span class='ocrx_word' id='word_1_180' title='bbox 559 1680 668 1733; x_wconf 83' lang='lat' dir='ltr'><strong>vita</strong></span> <span class='ocrx_word' id='word_1_181' title='bbox 702 1676 781 1732; x_wconf 86' lang='lat' dir='ltr'><strong>fit.</strong></span> <span class='ocrx_word' id='word_1_182' title='bbox 855 1695 931 1731; x_wconf 80' lang='lat' dir='ltr'><strong>iv.</strong></span> <span class='ocrx_word' id='word_1_183' title='bbox 980 1674 1127 1747; x_wconf 82' lang='lat' dir='ltr'><strong>Qia</strong></span> <span class='ocrx_word' id='word_1_184' title='bbox 1164 1666 1421 1748; x_wconf 86' lang='lat' dir='ltr'><strong>quamdiu</strong></span> <span class='ocrx_word' id='word_1_185' title='bbox 1457 1665 1547 1721; x_wconf 87' lang='lat' dir='ltr'><strong>illa</strong></span> <span class='ocrx_word' id='word_1_186' title='bbox 1587 1679 1844 1741; x_wconf 83' lang='lat' dir='ltr'><strong>praecepta</strong></span> <span class='ocrx_word' id='word_1_187' title='bbox 1882 1661 2208 1722; x_wconf 88' lang='lat' dir='ltr'><strong>incumbunt</strong></span> <span class='ocrx_word' id='word_1_188' title='bbox 2244 1711 2261 1736; x_wconf 81' lang='lat'>‚</span> <span class='ocrx_word' id='word_1_189' title='bbox 2327 1690 2428 1725; x_wconf 68' lang='grc' dir='ltr'><strong>εχ-.</strong></span> 
     </span>
     <span class='ocr_line' id='line_1_21' title="bbox 423 1741 2418 1837; baseline -0.005 -27"><span class='ocrx_word' id='word_1_190' title='bbox 423 1757 685 1837; x_wconf 64' lang='lat' dir='ltr'><strong>specstatur</strong></span> <span class='ocrx_word' id='word_1_191' title='bbox 708 1801 723 1826; x_wconf 79' lang='lat'>,</span> <span class='ocrx_word' id='word_1_192' title='bbox 782 1754 1029 1828; x_wconf 60' lang='lat'><strong>315390205</strong></span> <span class='ocrx_word' id='word_1_193' title='bbox 1062 1750 1164 1808; x_wconf 81' lang='lat' dir='ltr'><strong>sive</strong></span> <span class='ocrx_word' id='word_1_194' title='bbox 1209 1751 1425 1805; x_wconf 73' lang='lat' dir='ltr'><strong>mutatio</strong></span> <span class='ocrx_word' id='word_1_195' title='bbox 1467 1750 1522 1801; x_wconf 78' lang='lat' dir='ltr'><strong>in</strong></span> <span class='ocrx_word' id='word_1_196' title='bbox 1557 1746 1741 1800; x_wconf 70' lang='lat' dir='ltr'><strong>melius</strong></span> <span class='ocrx_word' id='word_1_197' title='bbox 1776 1787 1792 1812; x_wconf 83' lang='grc'>,</span> <span class='ocrx_word' id='word_1_198' title='bbox 1861 1741 2065 1801; x_wconf 83' lang='lat' dir='ltr'><strong>exclusa</strong></span> <span class='ocrx_word' id='word_1_199' title='bbox 2103 1745 2178 1801; x_wconf 89' lang='lat' dir='ltr'><strong>est</strong></span> <span class='ocrx_word' id='word_1_200' title='bbox 2215 1749 2418 1823; x_wconf 72' lang='grc' dir='ltr'><strong>κρὲιτἹων</strong></span> 
     </span>
     <span class='ocr_line' id='line_1_22' title="bbox 425 1823 2425 1918; baseline -0.008 -25"><span class='ocrx_word' id='word_1_201' title='bbox 425 1843 564 1894; x_wconf 62' lang='lat' dir='ltr'><strong>{mle</strong></span> <span class='ocrx_word' id='word_1_202' title='bbox 582 1883 598 1908; x_wconf 81' lang='lat'>‚</span> <span class='ocrx_word' id='word_1_203' title='bbox 641 1840 820 1893; x_wconf 80' lang='lat' dir='ltr'><strong>melior</strong></span> <span class='ocrx_word' id='word_1_204' title='bbox 835 1834 946 1918; x_wconf 69' lang='lat' dir='ltr'><strong>spes</strong></span> <span class='ocrx_word' id='word_1_205' title='bbox 963 1853 1057 1918; x_wconf 83' lang='lat' dir='ltr'><strong>per</strong></span> <span class='ocrx_word' id='word_1_206' title='bbox 1085 1852 1240 1912; x_wconf 76' lang='lat' dir='ltr'><strong>quam</strong></span> <span class='ocrx_word' id='word_1_207' title='bbox 1257 1847 1413 1912; x_wconf 77' lang='lat' dir='ltr'><strong>prope</strong></span> <span class='ocrx_word' id='word_1_208' title='bbox 1447 1824 1737 1883; x_wconf 73' lang='lat' dir='ltr'><strong>accedimus</strong></span> <span class='ocrx_word' id='word_1_209' title='bbox 1760 1823 1831 1879; x_wconf 78' lang='lat' dir='ltr'><strong>ad</strong></span> <span class='ocrx_word' id='word_1_210' title='bbox 1852 1827 2027 1881; x_wconf 69' lang='lat' dir='ltr'><strong>Deum</strong></span> <span class='ocrx_word' id='word_1_211' title='bbox 2048 1870 2066 1896; x_wconf 80' lang='lat'>‚</span> <span class='ocrx_word' id='word_1_212' title='bbox 2122 1850 2299 1910; x_wconf 84' lang='lat' dir='ltr'><strong>neque</strong></span> <span class='ocrx_word' id='word_1_213' title='bbox 2331 1831 2425 1890; x_wconf 72' lang='lat' dir='ltr'><strong>da..</strong></span> 
     </span>
     <span class='ocr_line' id='line_1_23' title="bbox 427 1906 2421 1984; baseline -0.002 -8"><span class='ocrx_word' id='word_1_214' title='bbox 427 1938 515 1976; x_wconf 82' lang='lat' dir='ltr'><strong>tur</strong></span> <span class='ocrx_word' id='word_1_215' title='bbox 541 1918 812 1976; x_wconf 73' lang='lat' dir='ltr'><strong>haereditas</strong></span> <span class='ocrx_word' id='word_1_216' title='bbox 853 1915 1074 1984; x_wconf 81' lang='lat' dir='ltr'><strong>mundi,</strong></span> <span class='ocrx_word' id='word_1_217' title='bbox 1126 1919 1180 1970; x_wconf 86' lang='lat'>&amp;</span> <span class='ocrx_word' id='word_1_218' title='bbox 1206 1913 1460 1970; x_wconf 80' lang='lat' dir='ltr'><strong>adimitur</strong></span> <span class='ocrx_word' id='word_1_219' title='bbox 1485 1907 1666 1965; x_wconf 78' lang='lat' dir='ltr'><strong>laetitia</strong></span> <span class='ocrx_word' id='word_1_220' title='bbox 1691 1906 1778 1962; x_wconf 89' lang='lat' dir='ltr'><strong>illa</strong></span> <span class='ocrx_word' id='word_1_221' title='bbox 1801 1926 1917 1984; x_wconf 81' lang='lat' dir='ltr'><strong>quae</strong></span> <span class='ocrx_word' id='word_1_222' title='bbox 1943 1927 2006 1961; x_wconf 84' lang='lat' dir='ltr'><strong>ex</strong></span> <span class='ocrx_word' id='word_1_223' title='bbox 2032 1914 2421 1972; x_wconf 90' lang='lat' dir='ltr'><strong>communione</strong></span> 
     </span>
     <span class='ocr_line' id='line_1_24' title="bbox 427 1986 2425 2081; baseline -0.006 -24"><span class='ocrx_word' id='word_1_224' title='bbox 427 2003 685 2081; x_wconf 81' lang='lat' dir='ltr'><strong>gentium·</strong></span> <span class='ocrx_word' id='word_1_225' title='bbox 706 2000 1034 2077; x_wconf 76' lang='lat' dir='ltr'><strong>caeteroquin</strong></span> <span class='ocrx_word' id='word_1_226' title='bbox 1057 1997 1261 2052; x_wconf 87' lang='lat' dir='ltr'><strong>oritura</strong></span> <span class='ocrx_word' id='word_1_227' title='bbox 1296 2009 1418 2048; x_wconf 87' lang='lat' dir='ltr'><strong>erat.</strong></span> <span class='ocrx_word' id='word_1_228' title='bbox 1500 1986 1587 2043; x_wconf 91' lang='lat' dir='ltr'><strong>Ut</strong></span> <span class='ocrx_word' id='word_1_229' title='bbox 1614 2003 1791 2042; x_wconf 87' lang='lat' dir='ltr'><strong>autem</strong></span> <span class='ocrx_word' id='word_1_230' title='bbox 1818 2005 2102 2064; x_wconf 87' lang='lat' dir='ltr'><strong>propterea</strong></span> <span class='ocrx_word' id='word_1_231' title='bbox 2137 2013 2254 2049; x_wconf 88' lang='lat' dir='ltr'><strong>non</strong></span> <span class='ocrx_word' id='word_1_232' title='bbox 2280 1992 2425 2053; x_wconf 71' lang='lat' dir='ltr'><strong>bona</strong></span> 
     </span>
     <span class='ocr_line' id='line_1_25' title="bbox 431 2067 2419 2159; baseline -0.004 -20"><span class='ocrx_word' id='word_1_233' title='bbox 431 2083 672 2140; x_wconf 86' lang='lat' dir='ltr'><strong>dicerent</strong></span> <span class='ocrx_word' id='word_1_234' title='bbox 689 2125 704 2149; x_wconf 87' lang='lat'>‚</span> <span class='ocrx_word' id='word_1_235' title='bbox 732 2081 859 2159; x_wconf 86' lang='lat' dir='ltr'><strong>quia</strong></span> <span class='ocrx_word' id='word_1_236' title='bbox 886 2100 950 2134; x_wconf 86' lang='lat' dir='ltr'><strong>ex</strong></span> <span class='ocrx_word' id='word_1_237' title='bbox 977 2078 1126 2134; x_wconf 86' lang='lat' dir='ltr'><strong>malis</strong></span> <span class='ocrx_word' id='word_1_238' title='bbox 1153 2074 1313 2131; x_wconf 88' lang='lat' dir='ltr'><strong>seculi</strong></span> <span class='ocrx_word' id='word_1_239' title='bbox 1341 2067 1584 2127; x_wconf 84' lang='lat' dir='ltr'><strong>moribus</strong></span> <span class='ocrx_word' id='word_1_240' title='bbox 1611 2085 1794 2123; x_wconf 85' lang='lat' dir='ltr'><strong>ortum</strong></span> <span class='ocrx_word' id='word_1_241' title='bbox 1821 2085 2122 2139; x_wconf 85' lang='lat' dir='ltr'><strong>traxerunt,</strong></span> <span class='ocrx_word' id='word_1_242' title='bbox 2154 2076 2208 2128; x_wconf 86' lang='lat'>&amp;</span> <span class='ocrx_word' id='word_1_243' title='bbox 2234 2096 2296 2130; x_wconf 83' lang='lat' dir='ltr'><strong>ex</strong></span> <span class='ocrx_word' id='word_1_244' title='bbox 2323 2077 2419 2145; x_wconf 83' lang='lat' dir='ltr'><strong>iis,</strong></span> 
     </span>
     <span class='ocr_line' id='line_1_26' title="bbox 430 2147 2432 2243; baseline -0.007 -23"><span class='ocrx_word' id='word_1_245' title='bbox 430 2164 677 2243; x_wconf 86' lang='lat' dir='ltr'><strong>quamvis</strong></span> <span class='ocrx_word' id='word_1_246' title='bbox 706 2183 829 2218; x_wconf 87' lang='lat' dir='ltr'><strong>cum</strong></span> <span class='ocrx_word' id='word_1_247' title='bbox 858 2160 1058 2216; x_wconf 87' lang='lat' dir='ltr'><strong>cautela</strong></span> <span class='ocrx_word' id='word_1_248' title='bbox 1078 2200 1095 2227; x_wconf 86' lang='lat'>‚</span> <span class='ocrx_word' id='word_1_249' title='bbox 1154 2152 1359 2234; x_wconf 90' lang='lat' dir='ltr'><strong>aliquid</strong></span> <span class='ocrx_word' id='word_1_250' title='bbox 1386 2147 1707 2208; x_wconf 84' lang='lat' dir='ltr'><strong>admiserunt</strong></span> <span class='ocrx_word' id='word_1_251' title='bbox 1730 2173 1746 2216; x_wconf 80' lang='lat'><em>3</em></span> <span class='ocrx_word' id='word_1_252' title='bbox 1803 2147 2037 2205; x_wconf 88' lang='lat' dir='ltr'><strong>alienum</strong></span> <span class='ocrx_word' id='word_1_253' title='bbox 2063 2172 2091 2207; x_wconf 91' lang='lat' dir='ltr'><strong>a</strong></span> <span class='ocrx_word' id='word_1_254' title='bbox 2113 2154 2308 2230; x_wconf 73' lang='lat' dir='ltr'><strong>pietate</strong></span> <span class='ocrx_word' id='word_1_255' title='bbox 2336 2155 2432 2214; x_wconf 63' lang='lat' dir='ltr'><strong>sua,</strong></span> 
     </span>
     <span class='ocr_line' id='line_1_27' title="bbox 435 2246 659 2302; baseline -0.018 0"><span class='ocrx_word' id='word_1_256' title='bbox 435 2246 659 2302; x_wconf 88' lang='lat' dir='ltr'><strong>ducunt.</strong></span> 
     </span>
    </p>

    <p class='ocr_par' dir='ltr' id='par_1_4' title="bbox 434 2309 2488 3057">
     <span class='ocr_line' id='line_1_28' title="bbox 516 2309 2488 2382; baseline -0.002 -1"><span class='ocrx_word' id='word_1_257' title='bbox 516 2328 646 2382; x_wconf 87' lang='lat' dir='ltr'><strong>XX.</strong></span> <span class='ocrx_word' id='word_1_258' title='bbox 692 2324 765 2378; x_wconf 84' lang='lat' dir='ltr'><strong>Et</strong></span> <span class='ocrx_word' id='word_1_259' title='bbox 805 2321 1017 2377; x_wconf 81' lang='lat' dir='ltr'><strong>merito,</strong></span> <span class='ocrx_word' id='word_1_260' title='bbox 1097 2337 1145 2374; x_wconf 91' lang='lat'><strong>1.</strong></span> <span class='ocrx_word' id='word_1_261' title='bbox 1188 2317 1413 2373; x_wconf 71' lang='lat' dir='ltr'><strong>Etenim</strong></span> <span class='ocrx_word' id='word_1_262' title='bbox 1448 2333 1562 2370; x_wconf 90' lang='lat' dir='ltr'><strong>non</strong></span> <span class='ocrx_word' id='word_1_263' title='bbox 1590 2309 1759 2370; x_wconf 88' lang='lat' dir='ltr'><strong>solum</strong></span> <span class='ocrx_word' id='word_1_264' title='bbox 1798 2311 1949 2368; x_wconf 90' lang='lat' dir='ltr'><strong>nullo</strong></span> <span class='ocrx_word' id='word_1_265' title='bbox 1986 2312 2210 2373; x_wconf 85' lang='lat' dir='ltr'><strong>verbulo</strong></span> <span class='ocrx_word' id='word_1_266' title='bbox 2237 2337 2425 2377; x_wconf 88' lang='lat' dir='ltr'><strong>monet</strong></span> <span class='ocrx_word' id='word_1_267' title='bbox 2484 2373 2488 2377; x_wconf 92' lang='lat'>.</span> 
     </span>
     <span class='ocr_line' id='line_1_29' title="bbox 434 2393 2428 2480; baseline -0.003 -17"><span class='ocrx_word' id='word_1_268' title='bbox 434 2408 589 2463; x_wconf 88' lang='lat' dir='ltr'><strong>Deus</strong></span> <span class='ocrx_word' id='word_1_269' title='bbox 613 2448 629 2475; x_wconf 90' lang='lat'>‚</span> <span class='ocrx_word' id='word_1_270' title='bbox 673 2401 722 2458; x_wconf 88' lang='lat' dir='ltr'><strong>se</strong></span> <span class='ocrx_word' id='word_1_271' title='bbox 748 2402 802 2460; x_wconf 92' lang='lat' dir='ltr'><strong>id</strong></span> <span class='ocrx_word' id='word_1_272' title='bbox 826 2400 1099 2480; x_wconf 64' lang='lat' dir='ltr'><strong>praefracto</strong></span> <span class='ocrx_word' id='word_1_273' title='bbox 1127 2398 1317 2477; x_wconf 88' lang='lat' dir='ltr'><strong>populi</strong></span> <span class='ocrx_word' id='word_1_274' title='bbox 1343 2395 1569 2476; x_wconf 88' lang='lat' dir='ltr'><strong>ingenio</strong></span> <span class='ocrx_word' id='word_1_275' title='bbox 1601 2393 1794 2451; x_wconf 83' lang='lat' dir='ltr'><strong>dediffe</strong></span> <span class='ocrx_word' id='word_1_276' title='bbox 1809 2437 1825 2463; x_wconf 87' lang='lat'>‚</span> <span class='ocrx_word' id='word_1_277' title='bbox 1865 2411 1927 2449; x_wconf 88' lang='lat' dir='ltr'><strong>ut</strong></span> <span class='ocrx_word' id='word_1_278' title='bbox 1951 2394 2163 2454; x_wconf 86' lang='lat' dir='ltr'><strong>cederet</strong></span> <span class='ocrx_word' id='word_1_279' title='bbox 2185 2399 2428 2478; x_wconf 79' lang='lat' dir='ltr'><strong>aliquan-</strong></span> 
     </span>
     <span class='ocr_line' id='line_1_30' title="bbox 439 2474 2428 2561; baseline -0.005 -17"><span class='ocrx_word' id='word_1_280' title='bbox 439 2488 613 2544; x_wconf 74' lang='lat' dir='ltr'><strong>tulum</strong></span> <span class='ocrx_word' id='word_1_281' title='bbox 640 2505 829 2540; x_wconf 88' lang='lat' dir='ltr'><strong>eorum</strong></span> <span class='ocrx_word' id='word_1_282' title='bbox 853 2482 1069 2539; x_wconf 88' lang='lat' dir='ltr'><strong>duritiei</strong></span> <span class='ocrx_word' id='word_1_283' title='bbox 1093 2524 1108 2548; x_wconf 88' lang='lat'>‚</span> <span class='ocrx_word' id='word_1_284' title='bbox 1164 2477 1498 2558; x_wconf 89' lang='lat' dir='ltr'><strong>indulgendo</strong></span> <span class='ocrx_word' id='word_1_285' title='bbox 1536 2479 1738 2534; x_wconf 86' lang='lat' dir='ltr'><strong>rituum</strong></span> <span class='ocrx_word' id='word_1_286' title='bbox 1764 2474 2102 2554; x_wconf 86' lang='lat' dir='ltr'><strong>quorundam</strong></span> <span class='ocrx_word' id='word_1_287' title='bbox 2125 2478 2286 2536; x_wconf 86' lang='lat' dir='ltr'><strong>usum</strong></span> <span class='ocrx_word' id='word_1_288' title='bbox 2303 2484 2428 2561; x_wconf 81' lang='lat' dir='ltr'><strong>qui-</strong></span> 
     </span>
     <span class='ocr_line' id='line_1_31' title="bbox 438 2557 2424 2639; baseline -0.004 -15"><span class='ocrx_word' id='word_1_289' title='bbox 438 2567 540 2624; x_wconf 77' lang='lat' dir='ltr'><strong>bus</strong></span> <span class='ocrx_word' id='word_1_290' title='bbox 567 2564 903 2624; x_wconf 81' lang='lat' dir='ltr'><strong>affucverant.</strong></span> <span class='ocrx_word' id='word_1_291' title='bbox 989 2560 1091 2618; x_wconf 87' lang='lat' dir='ltr'><strong>Sed</strong></span> <span class='ocrx_word' id='word_1_292' title='bbox 1117 2561 1487 2617; x_wconf 63' lang='lat' dir='ltr'><strong>auctoritatem</strong></span> <span class='ocrx_word' id='word_1_293' title='bbox 1514 2557 1659 2616; x_wconf 88' lang='lat' dir='ltr'><strong>suam</strong></span> <span class='ocrx_word' id='word_1_294' title='bbox 1683 2557 1917 2636; x_wconf 83' lang='lat' dir='ltr'><strong>Regiam</strong></span> <span class='ocrx_word' id='word_1_295' title='bbox 1934 2596 1949 2623; x_wconf 90' lang='lat'>‚</span> <span class='ocrx_word' id='word_1_296' title='bbox 2009 2577 2067 2613; x_wconf 92' lang='lat' dir='ltr'><strong>ac</strong></span> <span class='ocrx_word' id='word_1_297' title='bbox 2106 2558 2424 2639; x_wconf 84' lang='lat' dir='ltr'><strong>potestatem</strong></span> 
     </span>
     <span class='ocr_line' id='line_1_32' title="bbox 441 2638 2429 2716; baseline -0.002 -10"><span class='ocrx_word' id='word_1_298' title='bbox 441 2650 692 2705; x_wconf 88' lang='lat' dir='ltr'><strong>Herilem</strong></span> <span class='ocrx_word' id='word_1_299' title='bbox 727 2643 1026 2702; x_wconf 86' lang='lat' dir='ltr'><strong>identidem</strong></span> <span class='ocrx_word' id='word_1_300' title='bbox 1065 2643 1295 2699; x_wconf 82' lang='lat' dir='ltr'><strong>inculcat</strong></span> <span class='ocrx_word' id='word_1_301' title='bbox 1317 2686 1332 2712; x_wconf 82' lang='lat'>‚</span> <span class='ocrx_word' id='word_1_302' title='bbox 1393 2642 1480 2697; x_wconf 89' lang='lat' dir='ltr'><strong>cui</strong></span> <span class='ocrx_word' id='word_1_303' title='bbox 1523 2638 1631 2698; x_wconf 87' lang='lat' dir='ltr'><strong>fine</strong></span> <span class='ocrx_word' id='word_1_304' title='bbox 1661 2639 1980 2716; x_wconf 79' lang='lat' dir='ltr'><strong>exceptione</strong></span> <span class='ocrx_word' id='word_1_305' title='bbox 2015 2642 2120 2697; x_wconf 89' lang='lat' dir='ltr'><strong>ulla</strong></span> <span class='ocrx_word' id='word_1_306' title='bbox 2155 2641 2299 2700; x_wconf 64' lang='lat' dir='ltr'><strong>dieto</strong></span> <span class='ocrx_word' id='word_1_307' title='bbox 2334 2667 2429 2702; x_wconf 88' lang='lat' dir='ltr'><strong>au-</strong></span> 
     </span>
     <span class='ocr_line' id='line_1_33' title="bbox 444 2719 2427 2803; baseline -0.007 -16"><span class='ocrx_word' id='word_1_308' title='bbox 444 2729 652 2788; x_wconf 87' lang='lat' dir='ltr'><strong>dientes</strong></span> <span class='ocrx_word' id='word_1_309' title='bbox 680 2724 779 2783; x_wconf 83' lang='lat' dir='ltr'><strong>cffe</strong></span> <span class='ocrx_word' id='word_1_310' title='bbox 821 2725 1064 2783; x_wconf 85' lang='lat' dir='ltr'><strong>debeant.</strong></span> <span class='ocrx_word' id='word_1_311' title='bbox 1119 2729 1183 2786; x_wconf 59' lang='lat' dir='ltr'><strong>ils.</strong></span> <span class='ocrx_word' id='word_1_312' title='bbox 1210 2744 1295 2797; x_wconf 85' lang='lat'><strong>19.</strong></span> <span class='ocrx_word' id='word_1_313' title='bbox 1341 2727 1447 2801; x_wconf 79' lang='lat' dir='ltr'><strong>Ego</strong></span> <span class='ocrx_word' id='word_1_314' title='bbox 1461 2720 1578 2797; x_wconf 82' lang='lat' dir='ltr'><strong>sum</strong></span> <span class='ocrx_word' id='word_1_315' title='bbox 1603 2719 1817 2802; x_wconf 76' lang='lat' dir='ltr'><strong>Jehova</strong></span> <span class='ocrx_word' id='word_1_316' title='bbox 1841 2721 1986 2775; x_wconf 80' lang='lat' dir='ltr'><strong>Deus</strong></span> <span class='ocrx_word' id='word_1_317' title='bbox 2007 2721 2168 2800; x_wconf 70' lang='lat' dir='ltr'><strong>vester</strong></span> <span class='ocrx_word' id='word_1_318' title='bbox 2188 2768 2206 2793; x_wconf 80' lang='lat'>‚</span> <span class='ocrx_word' id='word_1_319' title='bbox 2250 2725 2427 2803; x_wconf 59' lang='lat' dir='ltr'><strong>insta-</strong></span> 
     </span>
     <span class='ocr_line' id='line_1_34' title="bbox 444 2801 2433 2886; baseline -0.004 -19"><span class='ocrx_word' id='word_1_320' title='bbox 444 2816 570 2867; x_wconf 74' lang='lat' dir='ltr'><strong>tutis</strong></span> <span class='ocrx_word' id='word_1_321' title='bbox 593 2814 719 2866; x_wconf 83' lang='lat' dir='ltr'><strong>meis</strong></span> <span class='ocrx_word' id='word_1_322' title='bbox 741 2806 998 2864; x_wconf 74' lang='lat' dir='ltr'><strong>ambulate</strong></span> <span class='ocrx_word' id='word_1_323' title='bbox 1023 2850 1040 2873; x_wconf 89' lang='lat'>,</span> <span class='ocrx_word' id='word_1_324' title='bbox 1099 2816 1177 2861; x_wconf 58' lang='lat' dir='ltr'><strong>(J</strong></span> <span class='ocrx_word' id='word_1_325' title='bbox 1192 2808 1316 2876; x_wconf 70' lang='lat' dir='ltr'><strong>jura</strong></span> <span class='ocrx_word' id='word_1_326' title='bbox 1348 2824 1461 2860; x_wconf 75' lang='lat' dir='ltr'><strong>mea</strong></span> <span class='ocrx_word' id='word_1_327' title='bbox 1493 2801 1743 2878; x_wconf 72' lang='lat' dir='ltr'><strong>observate</strong></span> <span class='ocrx_word' id='word_1_328' title='bbox 1763 2843 1779 2869; x_wconf 89' lang='lat'>‚</span> <span class='ocrx_word' id='word_1_329' title='bbox 1835 2811 1915 2857; x_wconf 52' lang='grc' dir='ltr'><strong>(φ’</strong></span> <span class='ocrx_word' id='word_1_330' title='bbox 1938 2801 2107 2878; x_wconf 62' lang='lat' dir='ltr'><strong>fdcite</strong></span> <span class='ocrx_word' id='word_1_331' title='bbox 2139 2804 2254 2886; x_wconf 57' lang='lat' dir='ltr'><strong>ipsit.</strong></span> <span class='ocrx_word' id='word_1_332' title='bbox 2343 2807 2433 2863; x_wconf 82' lang='lat' dir='ltr'><strong>Ni</strong></span> 
     </span>
     <span class='ocr_line' id='line_1_35' title="bbox 448 2881 2435 2967; baseline -0.007 -19"><span class='ocrx_word' id='word_1_333' title='bbox 448 2889 715 2958; x_wconf 82' lang='lat' dir='ltr'><strong>facerent,</strong></span> <span class='ocrx_word' id='word_1_334' title='bbox 745 2887 952 2964; x_wconf 74' lang='lat' dir='ltr'><strong>sublata</strong></span> <span class='ocrx_word' id='word_1_335' title='bbox 977 2908 1131 2944; x_wconf 75' lang='lat' dir='ltr'><strong>manu</strong></span> <span class='ocrx_word' id='word_1_336' title='bbox 1145 2890 1356 2967; x_wconf 76' lang='lat' dir='ltr'><strong>juravit</strong></span> <span class='ocrx_word' id='word_1_337' title='bbox 1382 2929 1397 2954; x_wconf 84' lang='lat'>‚</span> <span class='ocrx_word' id='word_1_338' title='bbox 1438 2883 1494 2960; x_wconf 83' lang='lat' dir='ltr'><strong>se</strong></span> <span class='ocrx_word' id='word_1_339' title='bbox 1514 2885 1772 2964; x_wconf 70' lang='lat' dir='ltr'><strong>effitfhrum</strong></span> <span class='ocrx_word' id='word_1_340' title='bbox 1802 2881 2435 2962; x_wconf 65' lang='lat' dir='ltr'><strong>excandescentiamjuam.</strong></span> 
     </span>
     <span class='ocr_line' id='line_1_36' title="bbox 434 2964 2028 3057; baseline -0.004 -28"><span class='ocrx_word' id='word_1_341' title='bbox 434 2971 585 3057; x_wconf 77' lang='lat' dir='ltr'><strong>super</strong></span> <span class='ocrx_word' id='word_1_342' title='bbox 614 2977 773 3028; x_wconf 60' lang='lat' dir='ltr'><strong>corin</strong></span> <span class='ocrx_word' id='word_1_343' title='bbox 798 2970 893 3051; x_wconf 66' lang='lat' dir='ltr'><strong>szb</strong></span> <span class='ocrx_word' id='word_1_344' title='bbox 918 2968 1099 3045; x_wconf 70' lang='lat' dir='ltr'><strong>dcfi’rto</strong></span> <span class='ocrx_word' id='word_1_345' title='bbox 1125 2966 1195 3024; x_wconf 76' lang='lat' dir='ltr'><strong>ad</strong></span> <span class='ocrx_word' id='word_1_346' title='bbox 1218 2964 1598 3043; x_wconf 80' lang='lat' dir='ltr'><strong>consumendum</strong></span> <span class='ocrx_word' id='word_1_347' title='bbox 1613 2987 1707 3021; x_wconf 84' lang='lat' dir='ltr'><strong>eos.</strong></span> <span class='ocrx_word' id='word_1_348' title='bbox 1751 2967 1814 3023; x_wconf 58' lang='lat' dir='ltr'><strong>ils.</strong></span> <span class='ocrx_word' id='word_1_349' title='bbox 1835 2981 2028 3041; x_wconf 76' lang='lat'>13.15.</span> 
     </span>
    </p>

    <p class='ocr_par' dir='ltr' id='par_1_5' title="bbox 535 3043 2435 3126">
     <span class='ocr_line' id='line_1_37' title="bbox 535 3043 2435 3126; baseline -0.004 -13"><span class='ocrx_word' id='word_1_350' title='bbox 535 3056 647 3113; x_wconf 87' lang='lat' dir='ltr'><strong>XX</strong></span> <span class='ocrx_word' id='word_1_351' title='bbox 665 3059 706 3112; x_wconf 73' lang='grc' dir='ltr'><strong>Ι,</strong></span> <span class='ocrx_word' id='word_1_352' title='bbox 767 3073 791 3109; x_wconf 81' lang='lat'>1</span> <span class='ocrx_word' id='word_1_353' title='bbox 811 3072 854 3109; x_wconf 88' lang='lat'><strong>1.</strong></span> <span class='ocrx_word' id='word_1_354' title='bbox 899 3053 1143 3109; x_wconf 87' lang='lat' dir='ltr'><strong>Tantum</strong></span> <span class='ocrx_word' id='word_1_355' title='bbox 1176 3047 1320 3108; x_wconf 86' lang='lat' dir='ltr'><strong>abest</strong></span> <span class='ocrx_word' id='word_1_356' title='bbox 1343 3090 1362 3123; x_wconf 83' lang='lat'>‚</span> <span class='ocrx_word' id='word_1_357' title='bbox 1413 3065 1476 3105; x_wconf 88' lang='lat' dir='ltr'><strong>ut</strong></span> <span class='ocrx_word' id='word_1_358' title='bbox 1508 3045 1733 3107; x_wconf 82' lang='lat' dir='ltr'><strong>fateatur</strong></span> <span class='ocrx_word' id='word_1_359' title='bbox 1752 3043 1905 3103; x_wconf 86' lang='lat' dir='ltr'><strong>Deus</strong></span> <span class='ocrx_word' id='word_1_360' title='bbox 1932 3043 1981 3105; x_wconf 87' lang='lat' dir='ltr'><strong>se</strong></span> <span class='ocrx_word' id='word_1_361' title='bbox 2004 3062 2224 3126; x_wconf 84' lang='lat' dir='ltr'><strong>propter</strong></span> <span class='ocrx_word' id='word_1_362' title='bbox 2244 3052 2435 3126; x_wconf 87' lang='lat' dir='ltr'><strong>populi</strong></span> 
     </span>
    </p>
   </div>
   <div class='ocr_carea' id='block_1_3' title="bbox 2179 3126 2441 3190">
    <p class='ocr_par' dir='ltr' id='par_1_6' title="bbox 2179 3126 2441 3190">
     <span class='ocr_line' id='line_1_38' title="bbox 2179 3126 2441 3190; baseline 0.008 -5"><span class='ocrx_word' id='word_1_363' title='bbox 2179 3126 2441 3190; x_wconf 73' lang='lat' dir='ltr'><strong>duritiem</strong></span> 
     </span>
    </p>
   </div>
   <div class='ocr_carea' id='block_1_4' title="bbox 2519 0 2539 719">
    <p class='ocr_par' dir='ltr' id='par_1_7' title="bbox 2519 0 2539 719">
     <span class='ocr_line' id='line_1_39' title="bbox 2519 0 2539 719; baseline 0 2893"><span class='ocrx_word' id='word_1_364' title='bbox 2519 0 2539 719; x_wconf 95' lang='lat' dir='ltr'><strong> </strong></span> 
     </span>
    </p>
   </div>
  </div>
 </body>
</html>
