2539 3612
684 138 731 194 L
775 155 797 196 1
841 130 1022 196 n.11.
1112 135 1165 194 C
1208 157 1252 198 A
1298 155 1349 196 P.
1409 138 1598 196 VIII.
2027 163 2130 224 113

152 264 216 302 ea
268 241 437 301 secula
487 239 610 300 sunt
650 242 949 299 recentiore
975 283 991 310 ‚
1046 237 1295 296 discimus
1319 283 1335 309 ‚
1391 239 1673 318 AEgyptios
1696 280 1713 306 ‚
1770 240 1897 318 quia
1930 242 2137 324 Typhon

154 324 260 385 rufi
285 325 479 383 coloris
504 319 654 379 fuiffe
680 320 993 401 perhibetur
1012 364 1028 389 ‚
1065 317 1238 376 boum
1263 341 1378 377 non
1407 320 1505 377 nisi
1529 321 1670 396 rufos
1695 320 2014 392 immolasse,
2041 345 2136 381 co-

187 405 438 470 ·itandum
462 400 564 472 est,
581 423 807 459 omnem
835 400 981 458 istius
1009 403 1257 479 praecepti
1283 402 1548 458 rationem
1574 403 1630 458 in
1656 399 1998 480 permissione
2023 407 2137 482 pri-

149 428 299 545 {111ae
336 485 552 558 alicujus
588 480 991 540 consuetudinis
1015 526 1031 550 ,
1087 502 1249 561 quam
1285 503 1349 537 ex
1380 487 1612 561 AEgypto
1638 480 1913 540 hauserant
1938 481 2138 541 Israeli-

152 586 246 635 tae,
290 563 566 622 fundatam
590 561 690 621 effe
707 570 728 621 ?
746 627 748 629 .
769 565 909 641 Qis
935 560 1199 642 praestabit
1224 581 1425 619 tantam
1448 561 1594 620 istius
1618 561 2020 622 consuetudinis
2043 587 2138 623 an·-

153 648 498 726 tiquitatcm?
546 647 686 724 Qis
712 645 984 702 Plutarchi
1007 642 1381 701 testimonium
1407 644 1470 701 ad
1494 663 1602 702 tam
1626 647 1874 702 immanis
1901 643 2136 724 postula*

151 729 194 784 ti
233 725 615 805 probationem
640 722 876 784 sufficere
900 724 1277 783 arbitrabitur?
1305 729 1401 782 An
1417 743 1524 782 tam
1558 747 1730 783 novus
1755 728 1938 784 auc‘izor
1963 771 1978 799 ,
2023 746 2132 787 tam

146 807 435 866 reconditae
471 806 742 865 vetustatis
779 807 1008 865 idoneus
1044 805 1188 864 testis
1226 805 1341 864 est?
1388 806 1490 864 Sed
1515 829 1582 864 ue
1607 806 1751 865 testis
1777 808 1999 887 quidem
2024 827 2132 868 tam

145 890 358 969 antiqui
383 893 529 947 ritus,
569 892 794 968 Qippe
822 890 916 968 qui
943 891 1322 969 AEgyptiorum
1348 890 1676 946 caerimonias
1702 887 1796 945 suo
1823 910 1972 947 more
1988 890 2130 948 refe-

139 970 374 1039 ren8‚ad
398 973 627 1050 primam
652 971 807 1046 hujus
834 971 912 1026 rei
936 972 1211 1049 originem
1237 992 1351 1027 non
1381 968 1628 1027 ascendit.
1673 970 1882 1029 Fundat
1908 970 2130 1051 quidem

143 1072 261 1110 eam
296 1055 354 1110 in
388 1054 654 1131 opinione
690 1074 854 1132 quam
892 1050 956 1107 de
993 1049 1118 1108 rufo
1142 1051 1398 1135 Typhonis
1423 1051 1604 1108 colore
1641 1070 2009 1130 conceperunt
2036 1060 2132 1110 ΑΞ-

142 1134 348 1210 gyptii‚
386 1131 473 1189 sed
511 1133 727 1211 quando
753 1155 817 1189 ex
843 1155 904 1189 ea
925 1131 1205 1210 hypothesi
1229 1133 1333 1189 hoc
1358 1132 1422 1190 de
1447 1154 1560 1212 quo
1588 1133 1794 1211 agimus
1821 1134 2045 1212 πόξιο-μοι
2072 1156 2129 1189 c·

139 1213 298 1268 licere
322 1216 661 1291 occeperint,
707 1213 762 1269 id
787 1215 1064 1269 enimvero
1089 1236 1157 1272 nc
1183 1212 1349 1270 verbo
1416 1213 1598 1270 uidem
1621 1215 1856 1292 attingit.

225 1296 325 1348 VI.
380 1293 583 1370 Neque
621 1291 799 1349 nostra
835 1315 1162 1371 magnopere
1203 1236 1420 1352 interesi
1454 1312 1516 1351 ut
1554 1293 1813 1351 laboriose
1839 1294 2128 1375 investigo<

137 1392 275 1428 mus.
324 1373 475 1428 Dato
501 1374 649 1428 enim
675 1373 957 1448 AEgyptios
985 1373 1049 1427 ab
1078 1378 1233 1429 omni
1258 1393 1401 1430 retro
1428 1377 1746 1438 antiquitate
1773 1397 1887 1432 non
1913 1376 2013 1433 nisi
2036 1399 2128 1433 ru-

139 1450 225 1508 fos
261 1450 429 1508 boves
467 1449 765 1509 sacrificasse
790 1495 805 1520 ,
851 1450 1047 1508 indene
1084 1471 1367 1530 propterea
1391 1447 1634 1509 Israeli}
1657 1478 1676 1508 ..-
1704 1454 1857 1528 hujus
1883 1460 2126 1515 caerimo-

139 1534 242 1591 niae
266 1531 576 1591 arcescenda
600 1531 674 1589 est
698 1534 833 1589 ratio
862 1537 883 1589 ?
929 1536 1012 1589 At
1036 1554 1153 1613 quae
1177 1531 1394 1589 tandem
1420 1531 1584 1590 caussa
1607 1533 1715 1591 dici
1739 1535 1914 1613 potest
1940 1582 1954 1606 ‚
1999 1559 2121 1609 cur,

132 1635 311 1692 quum
345 1616 404 1671 in
429 1616 627 1672 caeteris
651 1611 917 1671 sacrificiis
941 1613 1200 1671 omnibus
1225 1613 1333 1671 fine
1360 1616 1608 1672 colorum
1633 1613 1937 1674 discrimine
1962 1642 2124 1676 mun-

140 1694 206 1753 da
228 1697 520 1752 animantia
542 1697 642 1751 rite
667 1692 1014 1765 offerrentur,
1034 1694 1200 1752 solam
1223 1694 1359 1753 hanc
1384 1695 1651 1753 lustralem
1673 1718 1884 1754 vaccam
1909 1699 2124 1757 rubram

133 1774 237 1832 effe
262 1773 464 1832 necesse
490 1773 686 1832 fuerit?
704 1777 1059 1832 Excutiantur
1083 1797 1228 1832 nunc
1251 1799 1442 1833 omnes
1466 1776 1752 1856 priscarum
1778 1778 2124 1838 consuetudi*-

138 1878 274 1913 num
297 1854 490 1925 foruli,
536 1855 896 1935 doceaturque
921 1878 986 1912 ex
1013 1858 1104 1926 iis,
1145 1877 1239 1913 cur
1262 1856 1336 1913 ob
1364 1863 1430 1914 ΑΞ
1471 1861 1744 1938 yptiorum
1769 1863 2008 1939 ineptam
2035 1865 2122 1920 in-

134 1936 420 2017 sanamque
443 1934 878 2014 superstitionem
898 1958 1013 1993 non
1040 1936 1140 1994 nisi
1164 1936 1336 1994 boum
1360 1959 1422 1994 ru
1450 1962 1509 1996 os
1537 1942 1941 1998 immolantium
1964 1945 2118 2000 Deus

137 2019 196 2075 in
230 2016 337 2075 sola
360 2016 772 2075 immundorum
792 2015 1103 2074 lustratione
1128 2039 1339 2075 vaccam
1363 2017 1537 2076 rufam
1562 2020 1805 2078 adhiberi
1828 2022 1892 2079 ab
1917 2022 2120 2081 Isra'e'li-
2186 2057 2191 2061 ·

137 2100 233 2168 tis,
270 2120 385 2157 non
399 2097 713 2182 permzfi’rit‚
739 2096 891 2177 quod
916 2095 1045 2154 falso
1070 2098 1293 2170 dicitur,
1343 2098 1430 2157 sed
1456 2099 1685 2184 expresse
1696 2107 1918 2182 juffieriffl
1946 2127 2117 2183 quum

135 2197 317 2238 tamen
340 2184 546 2261 reliqua
570 2181 758 2236 omnia
792 2177 1044 2236 sacrificia
1068 2181 1269 2237 nullam
1290 2184 1422 2237 certi
1449 2184 1644 2238 coloris
1672 2180 1958 2240 habuerint
1982 2185 2117 2241 desi-

136 2264 472 2339 gnationem.

218 2344 346 2400 Vn.
401 2349 655 2400 Praeterea
689 2340 918 2400 dubium
953 2362 1068 2398 non
1104 2340 1179 2399 est
1215 2344 1350 2424 quin
1389 2364 1544 2402 vacca
1581 2341 1696 2412 rufa
1728 2342 1834 2401 hoc
1860 2346 2026 2403 modo
2053 2369 2116 2405 ex

132 2421 439 2502 praescripto
474 2423 712 2480 Domini
740 2422 950 2492 oblata,
994 2425 1253 2499 mactata,
1297 2444 1555 2496 cremata,
1602 2443 1748 2506 grata
1771 2427 1902 2482 Deo
1925 2425 2116 2499 fuerit;

130 2526 309 2585 quum
332 2506 573 2562 vi6iimas
599 2501 860 2578 ejusmodi
882 2507 1037 2563 Deus
1066 2504 1233 2563 cibum
1258 2506 1520 2587 ipsefimm
1535 2525 1826 2586 nuncupet.
1855 2511 2118 2567 Attamen

135 2587 380 2666 AEgyptii
408 2586 557 2644 rufos
581 2583 746 2642 boves
771 2585 1125 2645 immolabant
1149 2632 1166 2658 ‚
1220 2611 1336 2646 non
1363 2587 1515 2669 quod
1540 2588 1886 2667 preciosiores
1911 2611 2002 2646 eos
2028 2610 2118 2647 aut

135 2668 265 2725 Diis
290 2665 392 2724 suis
415 2669 672 2748 gratiores
696 2663 794 2723 effe
820 2665 1206 2740 existimarent3
1230 2668 1319 2728 sed
1345 2688 1410 2726 ex
1435 2668 1567 2726 odio
1593 2675 1646 2726 &
1673 2687 1969 2725 contemtu.
2006 2673 2118 2727 Di-

132 2746 349 2806 stabant
370 2753 520 2807 enim
547 2747 756 2828 θύσιμον
781 2751 811 2803 8’
843 2746 985 2817 φίλον
1014 2751 1138 2807 εἶναι
1169 2764 1308 2813 Θεοῖς
1329 2796 1347 2825 ‚
1404 2750 1460 2807 id
1481 2750 1615 2830 quod
1640 2750 1892 2806 maflaettcr
1912 2771 2013 2806 non
2037 2754 2118 2827 effe

133 2831 265 2887 Diis
288 2829 515 2889 charum.
1215 2845 1244 2879 ³-

216 2913 376 2971 V111.
423 2919 647 2991 Qanto
686 2908 840 2970 satius
865 2955 881 2981 ‚
923 2912 1147 2972 sanetius
1171 2961 1187 2985 ‚
1231 2920 1286 2972 &
1313 2911 1620 2972 Christiano
1645 2912 1868 2970 homine
1884 2912 2111 2992 dignius

131 2990 216 3050 est
255 2992 321 3052 ad
362 2994 645 3077 mysterium
685 2991 976 3073 assurgere,
1022 3001 1077 3051 &
1118 2998 1178 3053 in
1218 3015 1333 3054 tota
1373 2996 1468 3053 hac
1510 2992 1729 3052 lustralis
1765 3015 1930 3051 vaccae
1966 2997 2112 3050 caeri-

131 3077 325 3134 monia
351 3093 527 3161 typum
563 3074 844 3157 agnoscere
881 3073 1160 3155 spiritualis
1194 3076 1382 3136 nostrae
1418 3099 1511 3158 per
1551 3074 1827 3144 Christum
1862 3073 2113 3153 purifica-

1217 3161 1257 3215 P
1307 3179 1334 3213 2
1785 3202 1789 3203 γ
1912 3155 2113 3212 tionis?
