2539 3612
412 95 526 164 310·
1096 71 1243 131 DE
1319 65 1722 124 DECEM

416 204 532 263 gno
559 170 658 239 est?
718 179 940 256 Quippe
964 197 1064 256 quae
1079 175 1199 253 fato
1227 188 1435 229 manent
1458 214 1475 240 ‚
1517 170 1760 248 quamvis
1774 161 2067 245 significata
2092 181 2193 222 non
2215 166 2400 225 vitast-

420 282 518 320 tur.
563 259 677 339 Ipsa
701 251 1008 316 Rebabeamt
1034 254 1222 313 stolida
1246 251 1606 331 imprudentia
1631 246 1856 306 consilio
1879 247 1994 303 Dei
2018 244 2321 316 inservivit,
2344 260 2401 305 ut

419 345 551 424 quod
574 342 798 407 accidit,
843 343 1001 393 etiam
1024 340 1201 392 merito
1225 332 1453 408 accidiffi’
1474 330 1752 388 videretur.
1809 328 1865 385 O
1892 329 2161 406 Sapientia
2177 368 2197 399 7
2230 333 2294 385 ⁴&
2319 347 2405 383 oc-

408 429 547 480 culti
569 419 813 476 miranda
830 423 1062 500 potentia
1073 414 1221 494 fati!
1266 434 1385 494 quae
1407 434 1488 470 res
1512 434 1702 470 omnes
1729 413 1802 468 ita
1826 409 2013 488 dirigit
2039 413 2094 465 &
2120 406 2318 478 flectit,
2333 426 2408 466 -ut

417 522 594 559 tamen
631 499 727 578 ipfi
763 501 887 556 illuc
926 496 1070 555 iviffe
1099 496 1405 564 videamur3
1448 500 1503 551 &
1531 492 1763 550 consiliis
1789 489 2043 569 factisque
2070 485 2262 546 nostris
2286 511 2409 570 gra-

421 584 550 640 dum
576 579 738 638 nobis
761 578 1020 637 struamus
1048 578 1112 636 ad
1137 576 1348 634 fatalem
1375 576 1527 632 illum
1551 570 1754 652 lapsum
1781 569 1884 627 sive
1914 567 2234 628 adscensum.

500 668 601 721 IV.
627 664 880 719 Proxima
905 681 1050 717 nunc
1074 656 1381 739 Jeroboamo
1406 676 1530 712 cura
1554 672 1679 723 erat3
1697 670 1757 709 ut
1782 668 2003 730 gentem
2031 649 2129 707 fibi
2153 669 2410 731 regnuma

415 765 520 822 que
559 742 812 800 firmaret.
893 743 1033 798 Non
1073 741 1220 796 enim
1247 735 1555 795 confidebat
1579 731 1836 813 promisso
1863 734 1977 789 Dei
2003 753 2097 810 per
2125 750 2302 789 vatem
2328 729 2411 788 fa·-

416 826 509 881 ἃο
533 869 549 894 ‚
594 822 712 880 fore
738 842 799 879 ut
820 820 1015 879 solium
1042 819 1140 876 fibi
1166 816 1493 898 posterisque
1520 814 1840 873 stabiliretur
1864 857 1879 884 ‚
1925 812 2093 870 modo
2121 814 2212 891 pia
2237 813 2410 870 animi

422 906 772 962 inclinatione
796 906 926 960 Deo
954 900 1252 960 adhaereret.
1298 899 1392 957 Ad
1420 897 1562 955 sueta
1587 892 1802 974 regibus
1826 892 2154 952 vaframenta
2176 893 2412 951 deflexit.
2484 910 2490 936 ³
2536 882 2539 929 ἶ

422 985 591 1065 quue
618 986 882 1064 imprimis
908 1004 1128 1063 operam
1154 980 1302 1039 dedit
1321 1026 1336 1050 ‚
1381 1002 1449 1038 ne
1475 978 1707 1057 populus
1733 972 1877 1030 festis
1902 972 2091 1030 diebus
2115 975 2418 1054 Hierofbly-

423 1088 564 1123 mam
598 1063 1022 1145 proficisceretur
1048 1109 1063 1133 ,
1108 1083 1198 1120 aut
1222 1062 1532 1119 communia
1561 1056 1754 1114 dehinc
1783 1076 1906 1111 cum
1935 1054 2131 1132 Judaeis
2156 1053 2294 1112 sacra
2316 1054 2416 1111 ha-

426 1148 593 1204 beret.
639 1150 768 1204 Hoc
796 1149 973 1217 enim,
1019 1166 1247 1224 quoquo
1273 1142 1376 1199 sese
1401 1155 1660 1206 verteret,
1697 1132 2004 1214 periculosae
2028 1137 2252 1214 plenum
2278 1155 2418 1213 opus

425 1230 546 1285 aleae
570 1227 667 1284 effe
696 1226 990 1284 videbatur.
1039 1227 1308 1282 Centrum
1331 1220 1610 1300 religionis
1639 1216 1820 1274 coibat
1845 1219 1902 1273 in
1923 1215 2115 1273 urbem
2129 1218 2421 1297 Hierosbly-

418 1330 567 1365 mam
604 1305 843 1366 insessam
868 1305 1275 1388 regibtls.Judae.
1357 1304 1489 1377 Ejus
1515 1299 1685 1356 aditus
1711 1339 1727 1364 ‚
1764 1296 1864 1354 nisi
1887 1294 2326 1375 permittentibus
2354 1298 2421 1354 il-

430 1391 494 1446 lis
519 1389 767 1468 regibus,
811 1388 1091 1446 inaccessus
1120 1404 1244 1442 erat.
1316 1389 1499 1460 Qare
1527 1398 1614 1436 aut
1640 1377 1923 1435 deserenda
1947 1377 2141 1455 religio
2159 1421 2174 1446 ‚
2218 1396 2309 1435 aut
2334 1376 2422 1434 su·-

432 1469 768 1549 scipiendum
804 1469 1146 1547 obsequium.
1227 1466 1285 1521 Si
1320 1462 1551 1541 populus
1592 1458 2094 1539 quomodocunque
2133 1459 2233 1515 iret
2262 1502 2279 1528 ‚
2332 1460 2421 1518 vel

434 1550 598 1608 adesie
637 1549 991 1628 profectionis
1028 1544 1283 1626 religiosae
1324 1544 1582 1599 comitem
1609 1584 1625 1608 ,
1668 1541 1755 1596 vel
1789 1538 1957 1595 abeffe
1990 1540 2238 1614 oportuit
2261 1539 2424 1617 Jero-

437 1631 684 1688 boamnm
728 1629 1047 1708 Utrobique
1075 1648 1167 1706 par
1191 1624 1507 1703 periculum.
1551 1617 1762 1676 Absens
1797 1619 1975 1686 enim,
2019 1620 2260 1675 numinis
2286 1640 2423 1677 con-

436 1709 946 1789 temtor90mnisque
970 1712 1063 1765 reli
1108 1707 1247 1762 ionis
1274 1722 1456 1780 expers
1479 1698 1650 1756 videri
1673 1714 1909 1776 poterat:
1927 1696 2078 1777 quod
2100 1717 2222 1756 ante
2236 1702 2424 1758 omnia

440 1793 674 1869 principi
700 1793 796 1869 qui
819 1791 1026 1869 populo
1055 1730 1103 1843 ige
1133 1787 1337 1864 placere
1363 1779 1594 1861 postulat
1619 1780 1775 1836 enixe
1801 1778 2099 1837 cavendum
2123 1777 2213 1836 est.
2295 1779 2422 1840 Nec

442 1890 614 1928 metus
651 1869 828 1927 aberat
852 1915 869 1939 ‚
912 1891 980 1926 ne
1022 1867 1258 1926 Isra‘e'litae
1294 1861 1358 1921 ab
1396 1865 1623 1941 antiquo
1649 1862 1805 1939 Rege
1833 1904 1849 1929 ,
1908 1880 1966 1916 ac
1993 1880 2177 1917 recens
2205 1859 2423 1923 desertis

439 1950 721 2021 fratribus,
766 1951 852 2008 sed
875 1953 1138 2030 praecipue
1165 1969 1193 2005 a
1223 1942 1596 2005 Sacerdotibus
1621 1947 1675 1998 &
1700 1941 1910 1999 Levitis
1927 1980 1943 2006 ‚
1968 1939 2032 1998 ad
2056 1940 2426 2003 defectionem

445 2031 857 2090 sollicitarentur
873 2077 888 2101 ‚
932 2032 1265 2111 Templique
1292 2031 1344 2082 &
1370 2024 1529 2101 regiae
1551 2021 1699 2078 urbis
1723 2018 2001 2100 splendore
2026 2026 2195 2100 capti,
2240 2027 2429 2083 Davi-

453 2113 623 2193 disque
655 2119 709 2170 &
734 2115 1020 2170 Salomonis
1043 2110 1304 2169 memoria
1327 2102 1564 2182 instigati
1587 2101 1651 2159 ad
1676 2123 1853 2159 rerum
1878 2105 2236 2160 mutationem
2256 2149 2271 2174 ‚
2324 2106 2431 2185 Jea

455 2193 747 2252 roboamum
771 2216 885 2250 non
910 2193 1171 2270 dignitate
1196 2188 1398 2254 solum,
1441 2182 1529 2240 sed
1552 2189 1606 2239 ὃς
1630 2185 1739 2240 vita
1762 2185 2047 2262 privarent.
2132 2182 2327 2242 Adeffe
2354 2203 2434 2245 ta·-

360 2294 367 2299 ·
454 2297 583 2332 men
610 2275 706 2353 ipsi
732 2295 846 2330 non
869 2254 1078 2328 licebat.
1163 2269 1306 2325 Non
1331 2267 1478 2322 enim
1500 2263 1713 2343 patebat
1737 2265 1925 2322 aditus.
1989 2263 2192 2345 Neque
2219 2309 2235 2334 ‚
2274 2265 2317 2323 -fi
2339 2285 2434 2347 pa-

455 2373 594 2411 teret
620 2398 635 2424 ,
688 2373 831 2411 tutus
859 2371 968 2410 erat
995 2355 1051 2408 in
1074 2349 1301 2408 hostico.
1355 2349 1429 2403 Et
1452 2345 1490 2403 si
1511 2346 1597 2403 vel
1618 2364 1763 2403 tutus
1787 2343 1930 2403 foret
1952 2390 1968 2415 ‚
2026 2366 2141 2403 non
2166 2363 2277 2404 erat
2299 2369 2327 2404 e
2352 2349 2438 2409 di·-

458 2437 694 2514 gnitate,
740 2436 885 2513 Regi
908 2433 1057 2515 Judae
1080 2430 1375 2512 postponi:
1419 2447 1518 2484 nec
1542 2423 1887 2506 sperandum,
1928 2445 1991 2485 ut
2015 2429 2202 2506 aequali
2224 2425 2438 2488 honore

461 2534 687 2596 uterque
712 2518 770 2573 in
793 2514 978 2573 eadem
1003 2513 1109 2572 aede
1136 2511 1271 2569 sacra
1295 2509 1505 2567 faceret.
1561 2508 1701 2566 Non
1727 2511 1909 2588 inepte
1929 2508 2038 2567 haec
2063 2507 2307 2588 profani,
2351 2510 2442 2572 sed

463 2596 617 2654 astuti
640 2596 877 2654 hominis
902 2640 918 2666 ,
961 2595 1240 2653 ratiocinia
1263 2589 1586 2669 Talmustidae
1609 2588 1871 2668 persecuti
1897 2588 2032 2648 sunt.
2087 2591 2435 2664 Didicerant‚

466 2680 757 2757 inquiunt,
799 2681 994 2734 nemini
1003 2681 1100 2757 jus
1123 2678 1203 2749 effe
1231 2679 1286 2729 in
1313 2677 1445 2729 atrio
1472 2674 1648 2754 templi
1664 2670 1874 2748 fidendi
1892 2690 2222 2753 praeterquam
2241 2667 2437 2754 regibus·

463 2759 621 2838 Judae
644 2803 660 2830 ‚
700 2765 792 2838 qui
826 2782 853 2815 e
884 2757 1027 2814 domo
1063 2755 1448 2831 Davidissunt.
1535 2759 1595 2810 Si
1617 2757 1776 2832 {gitur
1798 2797 1815 2824 ,
1854 2752 2024 2834 ajebat
2046 2754 2183 2837 apud
2193 2755 2250 2832 J}
2271 2756 2439 2833 Jero-

465 2839 643 2908 boam,
655 2841 856 2917 fidente
880 2839 1189 2898 Rehabeamo
1213 2859 1291 2895 me
1301 2836 1525 2915 stantem
1547 2835 1813 2908 viderint,
1830 2833 2055 2912 statuent
2081 2857 2236 2895 unum
2257 2837 2337 2911 effe}
2362 2856 2443 2894 re-

457 2943 585 3002 gem
608 2967 623 2994 ‚
665 2924 886 2980 alterum
904 2922 1148 2998 servum:
1193 2934 1283 2976 aut
1312 2962 1327 2988 ‚
1360 2919 1406 2996 fi
1417 2916 1620 2993 sedeam
1645 2955 1664 2982 ,
1704 2938 1783 2973 me
1807 2921 1861 2973 in
1883 2938 2048 2996 regem
2078 2921 2159 2993 effe
2182 2918 2440 2976 rebellem.-

468 3025 538 3060 ac
560 3026 639 3060 me
652 3004 869 3086 proinde
895 3001 1150 3081 interfusio
1178 3045 1195 3072 ,
1225 2999 1410 3079 statim
1436 3002 1517 3057 illi
1541 2995 1870 3058 adhaerebunt.
1955 2997 2138 3057 Verba
2169 2997 2446 3057 Talmudis

2184 3078 2445 3159 Jaerchius
