2371 3612
747 101 1662 196 DssnrcAT10.

196 261 399 330 quum
449 245 604 307 varii
651 235 923 315 fuerint,
964 262 1040 305 ac
1093 235 1318 329 singuli
1360 240 1546 309 suum
1592 240 1927 313 habuerint
1956 249 2196 323 institu-

191 350 370 410 tum,
424 328 781 399 mirandum
814 354 940 399 non
978 330 1072 399 est
1104 328 1150 398 fi
1183 331 1453 400 historiae
1485 334 1832 425 aliquando
1864 340 2033 412 male
2048 352 2203 431 jun-

191 423 305 492 &ae
349 421 511 502 fint,
558 425 624 491 &
663 431 1071 515 repetitiones
1121 446 1458 494 occurrant
1498 427 1721 497 crebrae
1756 485 1771 508 ,
1836 435 2047 502 otiosae
2081 438 2194 509 ali-

190 514 446 606 quando
467 535 660 606 atque
678 515 948 594 odiosae,
995 538 1155 608 quas
1169 517 1509 608 probabile
1535 544 1658 591 non
1689 523 1781 591 est
1816 523 1894 591 ab
1915 551 2038 595 una
2055 583 2069 608 ‚
2087 555 2192 600 ea-

188 631 314 697 que
342 607 638 701 sapienti,
688 634 881 678 manu
913 608 1049 679 effe.
1096 609 1217 679 Sed
1248 611 1311 678 ὃ(
1343 611 1517 680 aliud
1557 617 1803 684 acceffit
1833 625 2188 692 incommo-

187 699 375 779 dum,
428 710 530 771 cui
577 700 810 770 frustra
858 702 1110 771 aliunde
1139 701 1491 772 remedium
1524 730 1720 796 quam
1754 734 1791 776 a
1820 710 2007 780 Sacra
2042 719 2187 786 Cri-

185 800 310 861 tice
353 803 618 884 petatis:
668 795 901 865 scilicet
939 820 1141 886 quum
1171 796 1603 866 voluminibus
1636 799 1746 868 sua
1780 802 2186 895 inscripserint

183 905 456 964 vetereS,
479 920 485 924 ·
509 912 787 978 quorum
831 909 1045 979 partes
1093 887 1275 956 nullo
1313 912 1424 958 aut
1450 890 1691 982 glutine
1720 915 1832 962 aut
1863 899 2181 970 consutio-

182 1002 261 1046 ne
276 980 503 1066 junstae
525 1036 540 1058 ,
592 989 756 1049 circa
789 981 1112 1072 cylindros
1148 982 1414 1061 volutae,
1450 1005 1680 1075 atque,
1717 986 1824 1054 ubi
1845 989 1988 1057 usus
2020 1013 2176 1075 erat,

181 1070 454 1139 evolutae
502 1070 766 1154 fuerint3
831 1074 973 1143 hinc
1001 1072 1187 1143 facile
1226 1076 1360 1143 fieri
1392 1086 1634 1164 potuit,
1683 1076 2053 1172 fastumque
2081 1111 2177 1156 re-

180 1186 332 1233 vera
377 1162 498 1232 est,
548 1186 666 1243 ut,
714 1166 985 1233 turbatis
1030 1167 1431 1236 voluminum
1461 1167 1780 1259 partibUS,
1832 1195 2033 1263 neque
2060 1177 2175 1247 suo

180 1253 469 1344 repofitis
501 1255 650 1322 loco
671 1308 685 1332 ,
737 1266 1182 1345 pericoparum
1218 1268 1410 1328 etiam
1441 1261 1603 1329 ordo
1633 1271 1791 1329 mire
1832 1264 2176 1355 aliquando

171 1346 522 1433 misereque
552 1347 842 1414 turbatus
875 1346 992 1426 fit;
1041 1358 1167 1415 acri
1200 1351 1480 1437 quadam
1510 1361 1731 1443 ingenii
1757 1354 2038 1437 solertia,
2063 1361 2174 1433 ubi

178 1461 276 1506 res
326 1438 786 1526 postulaverit,
825 1438 948 1507 ‘suo
987 1438 1404 1508 restituendus
1436 1449 1644 1511 nitori.
1695 1446 1942 1537 Quod,
1989 1456 2172 1523 Divae

180 1533 447 1599 Critices
494 1530 918 1600 enthufiasmo
966 1541 1242 1623 correpti
1289 1540 1405 1602 viri
1438 1534 1700 1624 quidam
1736 1537 2166 1627 eruditiffimi‚

172 1623 406 1714 ,quibus
442 1623 575 1692 hoc
615 1622 868 1715 speciali
915 1623 1235 1692 indultum
1279 1623 1500 1695 favore
1544 1629 1666 1696 est,
1721 1628 1899 1699 bonis
1944 1636 2168 1708 avibus

176 1717 430 1807 aggreffi
477 1715 600 1785 effe
631 1760 646 1786 ‚
692 1719 757 1784 ὃ(
802 1716 991 1807 supra
1039 1741 1235 1807 quam
1286 1717 1407 1786 dici
1505 1720 1671 1788 otest
1718 1719 1984 1794 feliciter
2030 1753 2167 1816 per-

171 1806 375 1876 fecisse
404 1807 827 1897 perhibentur.
923 1806 1051 1874 Ubi
1081 1809 1305 1877 luxata
1352 1813 1415 1878 6<
1468 1820 1689 1880 iiantia
1719 1814 1901 1884 sacrae
1922 1830 2160 1891 oratio-

174 1909 269 1970 nis
311 1899 627 1977 membra,
676 1922 880 1988 neque
925 1903 1392 1970 Grammatices
1437 1924 1550 1971 aut
1580 1903 1951 1980 Rhetorices
1976 1958 1998 1990 ,
2044 1935 2160 1986 aut

168 1991 580 2068 Diale6³cices‚
633 2012 793 2079 quas
824 1999 1002 2080 pueri
1037 1991 1411 2069 didicerant,
1457 1994 1700 2086 legibus
1730 2000 1875 2071 satis
1905 2005 2161 2096 respon-
2195 2027 2199 2032 ’

167 2082 378 2153 dentia
408 2138 424 2160 ,
488 2082 949 2173 deprehendere
999 2081 1113 2149 fibi
1157 2082 1272 2152 vifi
1324 2085 1496 2156 sunt,
1543 2088 1662 2162 suae
1719 2094 2158 2170 existimarunt

165 2176 283 2246 esse
317 2184 597 2267 pietatis,
645 2199 720 2242 ea
755 2182 1160 2265 quantumvis
1192 2174 1499 2247 dolentia,
1547 2189 1905 2264 renitentia,
1958 2192 2154 2273 recla-

166 2276 438 2346 mantia,
485 2274 765 2358 primum
815 2286 1176 2344 exartuare,
1229 2291 1386 2335 mox
1434 2290 1769 2359 reponere,
1818 2277 1925 2346 ubi
1977 2306 2152 2352 com-

167 2360 421 2428 modius
455 2359 668 2427 locata
702 2357 838 2427 sore
867 2383 941 2427 ea
972 2357 1172 2427 dietat
1206 2382 1336 2437 εἷς,
1390 2384 1586 2450 quam
1617 2375 1790 2434 omni
1826 2382 2151 2462 exceptio-

162 2477 240 2522 ne
285 2460 590 2540 majorem
617 2473 735 2541 par
763 2451 856 2520 est
891 2451 1237 2543 agnoscere.
1285 2452 1486 2544 quue
1531 2458 1708 2524 tantssl⁴
1726 2455 2007 2532 fecerunt
2036 2487 2149 2557 pe·

164 2554 338 2624 ritia,
374 2565 447 2612 ut
476 2552 714 2630 majore
741 2568 865 2612 non
892 2553 1214 2634 potuerint
1233 2597 1261 2623 2
1292 2544 1338 2614 fi
1381 2547 1510 2635 ipsa
1541 2546 1823 2621 vidiflent
1852 2577 2149 2649 autogra-
2190 2636 2193 2639 s

163 2637 340 2727 pha,
389 2638 452 2704 ἃ
483 2636 892 2714 columellas,
942 2637 1169 2716 lineaS,
1219 2638 1433 2706 literas
1465 2664 1685 2709 omnes
1714 2651 1777 2711 in
1810 2670 2146 2721 numerato

161 2726 542 2808 habuiflent3
573 2732 750 2796 tanta
769 2738 917 2797 artis
952 2730 1215 2808 fiducia,
1250 2752 1324 2798 ut
1352 2731 1513 2802 haut
1543 2743 1787 2804 minora
1805 2742 2011 2810 moliti
2030 2742 2148 2813 sint

159 2831 324 2890 circa
355 2821 561 2890 Mofis
595 2841 707 2889 aut
739 2820 885 2904 Jobi
914 2823 1153 2892 sacrata
1186 2825 1516 2894 Volumina
1538 2882 1554 2905 ,
1593 2851 1785 2919 quam
1820 2832 2147 2905 audaciffi-

157 2937 303 2983 mus
336 2914 593 3005 quisque
620 2939 699 2982 ex
727 2913 1142 3007 profanorum
1177 2919 1566 2988 Criticorum'
1590 2940 1773 3012 gente
1805 2932 1966 2993 circa
1996 2933 2143 2997 Ari-

159 3006 538 3099 stophanem
584 3007 863 3099 aliquem
898 3030 1009 3077 aut
1039 3011 1362 3080 Plautum.
1457 3017 1654 3091 Haec,
1704 3039 1839 3106 quae
1866 3021 2144 3111 exempli

159 3098 471 3171 duntaxat
502 3101 705 3172 caussa
735 3101 904 3171 dista
932 3103 1431 3235 suntofiliaque
1456 3104 1520 3174 id
1548 3130 1740 3198 genus
1771 3133 1964 3202 quam
1997 3114 2147 3202 plu-

1270 3221 1311 3262 2
1939 3227 2133 3285 rima,
