2539 3612
394 160 638 239 ‘1356‘²
928 159 1896 220 AE.G2Y·1³T1AconuM

427 259 900 342 porum‘Israelitis
936 256 1053 315 satis
1089 256 1253 314 fuerit
1287 271 1456 324 nota3
1511 250 1613 310 sive
1652 272 1767 332 quae
1807 245 1906 308 alia
1941 243 2107 308 caussa
2129 243 2413 311 sublimior

429 343 786 423 secretiorque
822 337 997 397 subfit.
1066 337 1129 395 Id
1162 335 1278 394 satis
1307 336 1466 393 claret
1489 377 1505 403 ,
1549 355 1665 391 non
1690 330 1866 390 feciffe
1893 330 2080 409 Most-n
2111 330 2419 390 cherubinos

433 423 497 482 ad
524 424 788 500 exemplar
813 421 1114 498 imaginum
1137 438 1264 498 quas
1287 417 1421 474 olim
1445 417 1503 473 in
1526 421 1759 494 AEgypto
1786 410 2019 483 viderat,
2050 409 2138 469 sed
2161 412 2226 470 ad
2257 410 2416 471 instar

436 503 535 563 fibi
562 501 913 560 monstratum
939 501 997 556 in
1020 496 1162 556 sacro
1188 516 1393 556 monte.

520 589 618 640 VI.
662 582 803 638 Non
841 578 1065 638 eandem
1100 580 1253 658 plane
1290 577 1522 636 formam
1545 619 1562 645 ,
1619 594 1708 633 aut
1734 593 1873 633 certe
1900 597 2014 633 non
2039 575 2272 633 eundem
2298 595 2420 654 par«

440 667 577 721 tium
614 663 770 720 situm
803 659 1035 717 habuere
1074 661 1152 717 illi
1189 656 1463 716 Cherubini
1500 677 1637 736 quos
1675 658 1733 713 in
1765 657 1969 740 Templi
2005 655 2084 713 sui
2111 657 2418 714 Sanfiuario

442 742 696 800 formavit
718 743 972 798 Salomon.
1000 739 1231 817 Mosaici
1254 741 1432 809 enim,
1468 755 1530 794 ut
1552 736 1783 793 vidimus
1798 780 1814 805 ‚
1841 735 2000 794 facies
2023 734 2133 795 suas
2154 735 2426 796 habebant

445 823 686 880 obversas
722 821 820 879 fibi
846 823 1085 879 invicem
1104 826 1159 877 &
1183 819 1358 878 versus
1383 818 1831 900 propitiatorium
1846 843 1863 887 3
1906 822 1961 875 &
1987 818 2064 875 ala
2089 816 2176 875 sua
2201 815 2424 896 expansa

446 925 583 960 unus
607 905 818 960 alterius
844 903 977 958 alam
1002 900 1282 978 expansam
1304 900 1369 958 ab
1392 918 1626 979 utroque
1652 899 1811 956 latere
1835 897 2189 979 contingebat
2203 923 2217 968 3
2255 899 2427 958 veluti

449 982 486 1040 fi
511 984 619 1041 duo
643 983 894 1041 homines
918 979 968 1037 se
994 982 1231 1038 invicem
1252 980 1542 1060 adspiciant
1566 1023 1582 1049 ‚
1637 976 1986 1059 manibusque
2011 996 2244 1036 teneant.
2309 980 2427 1058 Qi

449 1065 646 1122 alarum
683 1064 804 1122 fitus
837 1080 1023 1141 praeter
1061 1063 1363 1119 volucrium
1398 1062 1650 1119 omnium
1676 1077 1922 1116 naturam
1940 1057 2041 1115 est„
2116 1061 2430 1116 Salomonici

453 1163 628 1203 autem
665 1168 780 1203 non
805 1162 954 1201 erant
978 1142 1074 1200 fibi
1098 1141 1307 1200 obversi
1330 1186 1347 1212 ,
1393 1140 1480 1198 sed
1507 1139 1739 1196 laterales
1762 1180 1779 1206 ,
1824 1159 2000 1215 neque
2026 1137 2263 1195 faciebus
2290 1138 2355 1196 ad
2380 1137 2431 1195 se

452 1245 644 1283 mutuo
678 1225 833 1284 versis
861 1269 886 1295 ,.
923 1222 1014 1281 sed
1049 1224 1114 1281 ad
1149 1225 1418 1281 orientem
1442 1265 1460 1290 ‚
1504 1221 1577 1276 ita
1599 1237 1662 1275 ut
1695 1236 1921 1296 uterque
1947 1240 1977 1274 a
1997 1233 2151 1297 tergo
2177 1217 2433 1277 occiden-⁵

457 1326 564 1364 tem
587 1306 821 1364 haberet.
887 1303 1386 1385 Expandebantque
1411 1302 1514 1359 alas
1537 1297 1647 1357 suas
1673 1321 1701 1355 a
1725 1295 2006 1367 lateribus3
2043 1318 2138 1374 per
2164 1315 2335 1356 totam
2359 1301 2433 1356 la-

460 1388 751 1446 titudinem
786 1385 946 1444 sanffi
982 1384 1285 1443 sanROrum
1308 1410 1325 1453 3
1381 1385 1453 1438 ita
1479 1398 1540 1437 ut
1563 1398 1700 1436 unus
1730 1376 1923 1434 Cherub
1949 1379 2281 1435 extremitate
2305 1379 2435 1436 dex-

454 1489 545 1526 trae
584 1469 671 1526 alae
705 1465 803 1525 suae
841 1483 1082 1544 tangeret
1116 1467 1380 1541 parietem.
1424 1458 1830 1518 meridionalem
1858 1502 1874 1528 ‚
1931 1459 2060 1515 alter
2095 1479 2223 1517 vero
2263 1478 2437 1517 extre*

460 1552 644 1608 mitate
669 1546 878 1605 sinistrae
906 1545 1004 1602 suae
1026 1546 1124 1616 [alae
1149 1544 1673 1623 tangeret-parietem
1696 1537 2171 1618 septentrionalem
2195 1584 2211 1610 ‚
2268 1542 2438 1598 inter-

461 1629 653 1687 mediis
678 1626 878 1687 duabus
905 1629 995 1683 alis
1019 1627 1400 1704 contingerent
1424 1622 1473 1679 se
1497 1640 1708 1679 mutuo.
1798 1622 1919 1699 Qui
1940 1617 2062 1676 fitus
2087 1621 2285 1678 alarum
2307 1643 2432 1700 pro⁸

467 1713 586 1788 pius
609 1711 674 1769 ad
697 1727 937 1767 naturam
962 1705 1178 1764 accedit.
1217 1726 1239 1760 1
1261 1707 1401 1783 Reg.
1428 1723 1493 1760 v1
1508 1746 1519 1758 .
1550 1723 1642 1776 27.
1729 1700 2008 1755 Hacfftenus
2027 1697 2165 1755 nihil
2189 1705 2319 1758 certi
2344 1703 2438 1760 de-

466 1784 794 1867 prehendere
819 1790 970 1846 licuit
995 1832 1011 1856 ,
1056 1784 1154 1843 nifi
1178 1785 1327 1865 quod
1356 1778 1629 1839 cherubini
1637 1779 1817 1859 statua
1841 1777 2055 1837 fuerint:
2070 1786 2442 1860 cumingentz‘ss

466 1864 556 1927 bus
578 1890 735 1952 atque
761 1871 988 1953 expansis
1012 1870 1136 1924 alis„
1752 1896 1755 1900 -

549 1955 677 2009 Vn.
722 1953 906 2011 Paullo
933 1951 1152 2006 ulterius
1178 1946 1395 2005 deducit
1418 1966 1518 2004 nos
1541 1943 1817 2012 Ezechiel,
1862 1943 1958 2022 qui
1982 1939 2060 2000 sui
2082 1943 2288 2026 Templi
2314 1944 2447 2002 Che-2

470 2031 672 2090 rubinos
708 2033 1004 2111 depingens
1028 2074 1042 2099 ,
1099 2045 1217 2108 quot
1255 2034 1310 2085 &
1345 2048 1463 2107 quas
1492 2027 1665 2102 facies
1700 2022 1987 2080 habuerint
2029 2022 2272 2082 distinete
2309 2024 2447 2084 edis-

472 2116 593 2172 serit
620 2139 631 2171 :
665 2118 894 2194 geminas
934 2112 1195 2169 nimirum
1221 2154 1238 2180 3
1292 2112 1604 2166 Humanam
1636 2126 1799 2162 unam
1821 2147 1837 2173 ‚
1892 2104 2106 2161 alteram
2140 2108 2443 2165 Leoninam.

473 2194 665 2253 Ezech.
693 2214 825 2251 XLI.
858 2213 947 2250 20.
977 2213 1004 2248 2
1021 2212 1067 2247 1.
1150 2194 1378 2267 Eratque
1398 2185 1747 2265 fabrqfas‘i‘um
1771 2183 2102 2243 Cherubinis
2127 2197 2207 2244 (φ’
2232 2189 2444 2244 palmis.

475 2280 667 2334 Palma
692 2282 823 2331 inter
845 2274 968 2329 duos
996 2268 1283 2336 Cherubos
1299 2294 1316 2338 3
1335 2282 1413 2326 ἕν’
1436 2264 1556 2324 binae
1569 2269 1741 2344 facies
1767 2273 1945 2345 cuique
1969 2264 2248 2324 Cherubo.
2277 2270 2449 2325 ,N'em-

473 2377 536 2438 pe
548 2358 720 2432 facies
745 2358 1001 2409 Humana
1024 2349 1190 2425 versus
1201 2353 1439 2433 palmam
1461 2370 1617 2406 unam
1638 2347 1787 2419 hinc,
1805 2361 1883 2407 (φ
1894 2348 2067 2425 facies
2077 2352 2294 2429 juvenis
2317 2351 2450 2406 Leo-

480 2443 563 2491 m's
597 2435 766 2511 verfics
792 2435 1030 2515 palmam
1064 2433 1284 2487 alteram
1316 2430 1449 2488 inde.
1533 2429 1675 2487 Non
1710 2448 1890 2487 tamen
1925 2430 2051 2508 quia
2085 2427 2207 2486 hina
2239 2446 2451 2487 tantum

485 2514 699 2572 Cherubi
723 2511 972 2592 cujusque
998 2510 1159 2569 facies
1182 2530 1457 2569 narrantur
1479 2555 1495 2581 ,
1538 2508 1727 2568 inferri
1752 2529 1898 2568 certo
1923 2507 2100 2589 potest
2124 2509 2252 2567 haut
2274 2511 2453 2588 plures

485 2596 612 2654 alibi
635 2594 800 2653 fuiffe,
842 2592 1154 2651 Observant-
1169 2592 1566 2662 enim-eruditi,
1581 2591 1806 2650 describi
1825 2590 1915 2649 hic
1928 2588 2243 2648 :cherubinos
2266 2611 2367 2669 pro
2391 2596 2457 2650 ut

485 2680 543 2735 in
569 2678 730 2756 plano
753 2675 952 2755 pariete
975 2672 1164 2752 sculpti
1189 2675 1671 2753 contemplantium
1693 2670 2014 2753 apparebant
2035 2668 2301 2751 adspectui
2313 2697 2331 2742 3
2357 2692 2458 2753 perv

488 2781 648 2837 quam
673 2779 787 2814 rem
809 2755 926 2814 fieri
950 2756 1134 2835 potuit
1155 2772 1215 2813 ut
1241 2755 1354 2813 duae
1378 2757 1489 2813 aliae
1513 2752 1671 2812 facies
1695 2754 2141 2832 interciperentur
2163 2750 2228 2808 ab
2243 2750 2352 2831 ipsa
2362 2774 2458 2833 pa-

491 2841 636 2896 ⁷fietis
658 2839 898 2916 planitie.
963 2838 1089 2894 Fuit
1109 2835 1218 2894 haec
1242 2835 1518 2895 dimidiata
1539 2834 2075 2914 duntaxatsculptura
2089 2877 2106 2903 ,
2151 2834 2209 2890 in
2230 2840 2336 2913 qua
2357 2855 2457 2893 ne·-

495 2917 622 2976 oess‘e
658 2917 731 2975 est
765 2919 954 2977 multas
985 2937 1157 2997 partes
1191 2936 1307 2975 non
1343 2916 1598 2976 exstantes
1621 2920 1812 2977 latere:
1849 2935 1964 2995 quae
1988 2916 2046 2972 in
2070 2912 2235 2973 statua
2257 2911 2461 2995 separa·-

505 3018 576 3070 ta,
621 3004 676 3056 &
701 3000 1045 3080 undiquaque
1068 2998 1299 3079 aspectui
1320 2998 1558 3074 οὶήεᾶα,
1603 2997 2181 3058 distinetecernuntun

580 3083 734 3139 Vm.
780 3078 1137 3141 Occasionem
1166 3078 1293 3140 huic
1329 3078 1985 3147 observationi'dederunt
2020 3075 2460 3139 monstrosaani·

2305 3159 2465 3221 maiia
