2539 3612
352 179 418 261 58
883 176 1873 232 AEGYPTIACO‘RUM

339 283 532 341 dantur
554 324 571 351 ,
618 299 733 360 quae
757 277 845 335 hic
870 273 1162 333 adscribere
1189 272 1461 350 prolixum
1487 267 1626 326 effet.
1672 272 1737 324 In
1763 264 1960 346 quibus
1985 275 2198 335 tamen,
2241 280 2375 344 prae-

343 361 457 421 fato
483 363 618 419 tanti
642 360 881 419 nominis
907 355 1148 424 honore,
1178 352 1234 410 id
1258 349 1496 408 modeste
1523 347 1867 428 reprehendit
1888 353 2193 430 Spencerns‚
2225 345 2377 425 quod

343 444 408 502 de
443 446 614 523 prima
650 443 850 499 rituum
876 438 1037 518 plane
1071 439 1297 492 omnium
1322 429 1463 511 apud
1488 430 1700 513 Judaeos
1725 425 2085 487 vetustissimis
2112 427 2377 505 tempori-

337 524 438 582 bus
463 522 833 581 obtinentium
859 517 1072 595 origine
1098 514 1417 573 sententiam
1441 531 1550 570 tam
1574 512 1927 570 decretoriam
1940 509 2123 566 tulerit
2140 531 2152 565 ε
2169 508 2373 587 quippe

380 607 437 661 ui
463 600 731 661 modestiae
755 606 810 656 ὃς
835 600 1047 656 veritati
1072 597 1262 654 melius
1287 591 1463 653 forsan
1489 592 1793 655 consultum
1818 589 2017 659 ivisset,
2063 588 2101 646 fi
2124 590 2257 645 ritus
2282 609 2377 645 eos

341 627 687 742 ilolummodo
727 701 962 761 quorum
1000 677 1200 737 sanffio
1239 679 1295 732 in
1334 679 1602 733 rationem
1638 676 1871 753 aliquam
1907 671 2234 750 peculiarem
2257 671 2377 749 lege

340 765 586 822 traditam
611 760 804 820 resolvi
828 763 1047 839 nequit,
1065 760 1235 817 veteri
1262 758 1416 814 alicui
1444 755 1605 814 seculi
1636 754 1868 814 Mosaici
1894 749 2276 811 consuetudini
2291 771 2379 807 ac-

339 864 527 925 ceptos
552 842 762 901 tulisset.
2413 889 2418 892 ,

421 929 568 984 ΧΙΧ.
615 926 823 982 Similia
845 924 1039 982 habere
1067 922 1262 982 dicitur
1288 922 1531 1005 Justinus
1546 924 1766 1000 Martyr
1783 962 1797 988 ,
1827 922 1881 973 in
1905 911 2156 997 Tryphon.
2165 930 2222 995 p.
2244 912 2372 990 183.

345 1028 474 1087 237.
513 1027 642 1086 240.
672 1008 919 1086 Origenes
946 1010 1002 1061 in
1024 1008 1191 1061 Num.
1219 1026 1379 1064 xxlv.
1408 1003 1617 1060 Homil.
1643 1021 1741 1057 xv1
1761 1020 1807 1055 1.
1821 997 2010 1075 fitbfin.
2030 998 2379 1074 Hieronymus

342 1096 397 1144 z'n
433 1088 546 1169 Jes
597 1109 641 1144 Ι.
686 1099 763 1145 (7
791 1085 982 1147 Ezech.
1010 1109 1094 1142 xx.
1127 1103 1215 1164 25.
1281 1086 1630 1143 ‘Tertullianus
1656 1079 1896 1155 adverfits
1924 1080 2262 1136 Marcionem
2284 1072 2374 1131 lib.

346 1190 367 1224 Ι
388 1190 433 1226 I.
474 1189 582 1251 cap.
623 1189 721 1226 XVI
742 1190 762 1224 1
782 1190 828 1225 Ι.
868 1167 1207 1224 Tloeodoretns
1243 1168 1306 1224 de
1344 1172 1517 1221 Curat.
1556 1169 1712 1218 Graec.
1740 1161 1824 1237 aff.
1852 1165 2039 1213 Sermo.
2068 1176 2133 1212 vl
2152 1175 2199 1210 1.
2228 1172 2379 1233 atque

337 1250 482 1306 alibi.
529 1249 748 1329 Ifidorns
772 1252 1020 1327 Pelustota
1045 1246 1133 1303 lib.
1173 1268 1218 1304 1.
1247 1246 1404 1330 Epist.
1435 1263 1700 1302 CLXXVI.
1728 1241 1810 1297 Ex
1838 1233 2232 1295 recentioribus
2257 1252 2378 1293 tan—

340 1353 501 1410 quam
543 1331 795 1406 ἶμόῲηφωι
832 1329 1113 1387 laudantur
1151 1330 1428 1412 Polydorus
1465 1325 1722 1401 Virgilius
1757 1320 1821 1376 de
1844 1324 2050 1375 Invent.
2088 1337 2258 1373 rerum
2285 1313 2375 1372 lib.

345 1432 428 1468 JV.
457 1432 567 1496 cap.
594 1434 660 1470 VJ.
679 1433 726 1469 1.
761 1424 839 1470 ΟΝ
863 1432 929 1468 v1
949 1430 970 1464 1
991 1431 1037 1465 1.
1065 1409 1267 1464 Pinedn
1292 1416 1348 1464 in
1372 1404 1497 1485 Job.
1534 1424 1615 1458 IX.
1649 1422 1736 1481 30.
1769 1405 1930 1479 Hugo
1958 1400 2173 1454 Grotius
2197 1401 2253 1452 in
2281 1399 2381 1451 Le-

338 1499 436 1549 vit.
472 1516 519 1550 1.
546 1515 601 1567 9.
631 1506 709 1554 (9⁰
734 1513 822 1548 xl.
855 1513 903 1570 3.
950 1488 1304 1571 Hospininnus
1327 1487 1390 1543 de
1415 1490 1609 1565 origine
1631 1483 1958 1565 Templorum
1986 1485 2041 1536 in
2065 1475 2378 1534 Dedicatio—

339 1595 414 1630 ne.
443 1576 516 1634 Et
541 1597 604 1632 ex
629 1574 833 1655 Jndaez's
861 1568 1225 1631 Mnemonides
1251 1576 1415 1628 Adore
1437 1564 1752 1625 Nevochim.
1791 1569 1936 1621 Part.
1972 1582 1994 1618 1
2013 1581 2035 1618 1
2055 1577 2229 1642 1.cap.
2246 1576 2373 1616 XLV.

982 1739 1067 1833 L
1170 1738 1217 1833 Ι
1318 1741 1415 1835 Β.
1567 1671 1934 1827 11.„‘

1178 1953 1410 2012 CAP.
1497 1953 1539 2004 I.

770 2119 1031 2184 Summa
1061 2139 1285 2184 eorum
1316 2131 1451 2203 quae
1482 2107 1743 2177 dicenda
1773 2107 1929 2178 sunt.

338 2299 379 2351 1¹.
423 2293 685 2371 Transttus
712 2291 784 2346 ad
808 2285 1150 2344 inchoandam
1171 2283 1566 2341 Tmfffasionem.
1606 2286 1676 2340 11.
1705 2287 1966 2342 Sententiae
1989 2285 2156 2363 nostrae
2182 2286 2369 2366 distin-

422 2374 502 2430 Ha
527 2375 787 2455 expofitio,
819 2370 1006 2452 septem
1031 2364 1377 2450 comprehenfh
1389 2363 1733 2449 positionibus.

341 2540 383 2592 Ι.
428 2533 564 2678 A
599 2535 658 2591 T
674 2533 864 2612 QUE
903 2531 975 2587 ita
1001 2527 1253 2587 hafftenus
1278 2551 1338 2587 ea
1364 2549 1480 2608 quae
1505 2527 1570 2586 de
1594 2524 1689 2583 hac
1714 2527 1934 2584 materia
1957 2548 1985 2584 a
2006 2528 2156 2586 Viris
2183 2531 2366 2590 erudi·-

590 2613 798 2672 tisfimis
834 2610 1109 2670 observata
1144 2609 1592 2690 deprehendimus
1618 2653 1635 2679 ,
1691 2629 1754 2665 ex
1792 2609 1976 2666 multis
2011 2610 2233 2669 εοΗεᾶεῑ
2258 2630 2368 2672 tam

339 2696 737 2776 antiquioribus
774 2715 934 2776 quam
959 2691 1278 2751 novioribus
1303 2692 1622 2771 scriptorum
1647 2691 2017 2748 monumentis
2039 2735 2055 2760 ‚
2115 2713 2230 2749 non
2258 2692 2370 2752 fine

338 2779 520 2858 aliquo
558 2776 742 2835 nostro
777 2775 958 2834 labore
983 2819 1001 2846 ,
1055 2772 1161 2832 fide
1199 2793 1340 2832 certe
1377 2775 1584 2851 optima
1606 2818 1623 2844 ,
1677 2770 1784 2829 hoc
1811 2770 2001 2831 ordine
2029 2769 2371 2853 digeffimu83

340 2880 504 2938 quem
527 2864 581 2915 &
607 2879 801 2918 naturae
824 2878 1002 2915 rerum
1027 2853 1621 2925 convenientiffimum‚
1665 2859 1721 2912 &
1748 2853 2042 2912 intelle6tui
2067 2873 2226 2934 atque
2252 2877 2371 2915 me·-

341 2942 523 2998 moriae
556 2938 873 2998 facillimum
898 2935 997 2996 effe
1023 2935 1437 2996 existimavimus
1464 2962 1479 3007 ;
1525 2936 1714 2996 additis
1739 2936 1901 2994 etiam
1925 2935 1989 2992 iis
2014 2955 2367 3016 argumento-

343 3042 462 3078 rum
488 3021 877 3080 firmaminibus
902 3065 918 3091 ‚
963 3040 1079 3100 quae
1102 3019 1351 3078 Achillea
1375 3017 1686 3077 doffiffimis
1709 3018 1859 3076 Viris
1882 3014 1989 3075 visa
2013 3015 2148 3075 sunt.
2193 3019 2367 3078 Nunc

342 3102 477 3182 quid
511 3104 568 3159 in
603 3102 858 3161 omnibus
891 3099 1033 3158 hisce
1057 3103 1266 3159 veritati
1292 3099 1592 3159 consonum
1615 3144 1631 3171 ‚
1691 3097 1825 3179 quid
1848 3096 2115 3157 dissonum
2139 3097 2366 3158 arbitre-

343 3205 463 3243 mur
487 3224 508 3258 ‚
558 3185 622 3244 ad
646 3184 836 3245 summi
861 3182 1125 3244 Numinis
1150 3185 1380 3264 gloriam
1401 3228 1420 3259 ,
1474 3182 1539 3243 ad
1561 3179 1937 3245 Institutorum
1961 3185 2072 3261 ejus
2095 3180 2253 3243 decus
2279 3198 2367 3240 at·-

2250 3281 2358 3341 que
