2539 3612
663 154 714 211 L
755 170 779 211 1
820 171 875 227 ,B-
918 155 999 211 11.
1089 153 1143 213 C
1185 172 1229 214 Α
1272 171 1323 212 P.
1368 153 1490 215 VI.
2000 184 2102 246 103

123 274 309 318 natura
332 259 396 319 ad
418 258 627 340 generis
654 255 824 315 nostri
850 260 1303 338 propagationem
1325 257 1634 330 destinavit,
1691 262 1731 319 ii
1758 282 1822 319 ex
1847 263 1966 346 lege
1989 270 2106 328 Dei

123 359 270 398 erunt
294 349 350 399 in
380 361 584 398 carnem
608 361 780 396 unam.
828 341 978 398 Gen.
1016 361 1037 395 1
1057 360 1103 396 1.
1138 362 1228 420 24.
1313 344 1444 399 Hoc
1480 341 1555 400 est
1578 388 1594 412 ‚
1651 345 1724 402 ita
1750 342 1799 401 se
1826 347 2101 422 amabunt,

122 424 201 480 ita
225 421 684 503 conjugabuntur‚
729 438 791 477 ut
812 440 952 479 unus
983 421 1046 479 fit
1068 422 1280 479 alterius
1306 465 1325 496 ‚
1382 429 1436 479 &
1477 423 1514 481 fi
1538 422 1777 483 discessio
1817 426 1910 486 fiat
1934 452 1992 488 ac
2017 431 2104 490 di-

120 506 348 573 remti0‚
391 503 632 562 videatur
658 499 776 559 fieri
801 521 1056 584 tanquam
1078 506 1240 560 unius
1276 507 1517 582 corporis
1553 505 1734 565 seffio.
1825 513 1942 589 Qi
1967 533 2100 592 ergo

120 584 173 641 se
202 586 396 642 carnali
431 585 622 664 copula
643 589 880 664 jungunt
902 630 917 654 ,
974 590 1029 642 δε
1057 606 1173 642 non
1207 586 1403 642 volunt
1438 585 1535 643 effe
1574 610 1679 645 una
1714 611 1862 661 caro,
1907 612 2104 653 eorum

115 668 390 743 copulatio
418 666 492 724 est
519 663 751 723 instituti
774 668 973 724 Divini
998 668 1254 736 violati0‚
1299 671 1355 723 &
1381 670 1655 745 copulatio
1679 669 1946 745 belluina,
1986 674 2097 733 line

116 746 426 826 quaefitione
454 747 670 805 seminis
694 749 824 804 Dei.
916 748 1087 822 Quod
1111 747 1185 803 est
1209 748 1408 827 grande
1436 747 1600 807 nefas.

195 831 318 885 XII.
364 831 564 886 Firmat
590 827 695 885 hoc
733 848 1115 910 argumentum
1139 831 1347 887 Divina
1372 832 1522 887 Pauli
1559 832 1817 911 Apostoli
1842 830 2096 894 observa-

114 910 195 966 tio
227 930 249 966 1
285 912 418 968 Cor.
445 932 536 969 vr.
570 932 657 989 13.
691 930 779 988 15.
814 918 902 967 16.
939 913 1026 967 18.
1115 915 1305 994 Corpus
1340 933 1439 966 non
1478 912 1906 989 estftortatiom‘,
1974 938 2094 976 non

113 1010 239 1048 eum
275 993 333 1049 in
369 991 540 1050 finem
575 991 791 1050 homini
829 990 1136 1050 concessum
1158 1035 1173 1060 ‚
1231 1011 1294 1049 ut
1318 992 1382 1050 ad
1415 997 1794 1073 impuritatem,
1839 998 2008 1077 qualis
2033 1001 2093 1056 in

109 1068 431 1131 scortatione
458 1073 559 1144 est,
607 1075 732 1132 Col.
788 1095 808 1130 Ι
827 1095 849 1130 1
869 1095 915 1130 I.
950 1092 995 1150 5.
1042 1095 1108 1130 eo
1139 1071 1384 1132 abutatur
1396 1099 1411 1143 3
1453 1075 1544 1152 ftd
1571 1079 1796 1133 Domino
1820 1123 1836 1148 ‚
1892 1098 1953 1137 ut
1981 1087 2094 1154 ejus

109 1150 211 1223 fit,
269 1159 323 1210 &
349 1157 399 1210 ci
441 1153 705 1211 ministret
733 1200 747 1223 ,
816 1161 871 1211 &
923 1154 1154 1211 sistamus
1219 1155 1460 1213 membra
1502 1155 1698 1213 nostra·
1728 1179 1870 1216 arma
1933 1159 2088 1234 justi-

109 1235 209 1289 tiae.
295 1241 365 1291 Et
390 1238 647 1292 Dominus
674 1233 748 1291 est
771 1242 997 1316 corpori,
1041 1255 1103 1293 ut
1126 1239 1183 1293 in
1209 1259 1275 1294 eo
1300 1236 1534 1306 habitet,
1581 1239 1829 1318 illiusque
1854 1241 2097 1298 affloni-

103 1311 203 1369 bus
226 1312 555 1370 sanctitatem
579 1314 723 1370 suam
748 1315 1090 1372 demonstret.
1177 1322 1280 1374 An
1306 1324 1556 1396 ignoratis
1578 1338 1787 1402 corpora
1812 1320 1981 1397 vestra
2005 1324 2088 1397 effe

101 1392 326 1451 membra
351 1391 575 1472 Christi?
621 1415 736 1474 quae
761 1392 859 1450 fibi
888 1395 1167 1473 acquisivit
1191 1395 1285 1450 suo
1312 1395 1567 1476 sanguine
1584 1443 1598 1467 ,
1639 1404 1819 1457 univit
1842 1399 1934 1458 fito
1962 1406 2091 1482 Spi-

99 1476 236 1545 ritu3
280 1498 392 1555 quo
418 1481 473 1532 &
503 1478 705 1533 animat
728 1497 814 1546 ea,
859 1481 916 1534 &
941 1493 1155 1544 movet,
1201 1474 1331 1532 ficut
1358 1480 1587 1554 puritate
1613 1479 1699 1535 sua
1735 1480 1963 1560 dignum
1988 1483 2081 1542 est.

98 1560 252 1613 Num
287 1563 447 1637 tgitur
466 1556 673 1634 fitblata
709 1556 938 1616 membra
975 1556 1164 1635 Christi
1187 1559 1398 1635 faciam
1434 1558 1657 1615 membra
1678 1557 1873 1634 scorti?
1930 1564 2082 1623 Nam

97 1636 350 1696 scortatio
376 1639 451 1696 est
476 1641 728 1697 alienatio
754 1642 995 1719 corporis
1020 1662 1048 1696 a
1069 1641 1356 1710 Domino,
1403 1645 1550 1715 cujus
1576 1643 1796 1718 puritati
1820 1643 1968 1700 valde
1995 1667 2083 1701 re-

98 1738 333 1799 pugnat:
379 1725 433 1776 &
460 1720 692 1778 addictio
717 1724 914 1778 Satanae
943 1766 959 1790 ,
1016 1724 1113 1800 qui
1141 1742 1236 1800 per
1259 1718 1548 1780 libidinem
1570 1721 1721 1780 istam
1757 1743 1961 1804 regnat.
2007 1728 2082 1785 Et

98 1799 384 1872 scortator,
431 1820 693 1881 quantum
721 1803 779 1858 in
805 1800 854 1857 se
882 1800 986 1870 est,
1041 1807 1098 1857 δε
1122 1801 1160 1857 fi
1185 1801 1394 1880 sequela
1419 1804 1560 1861 illius
1585 1804 1728 1862 acius
1755 1805 2077 1878 attendatur,

96 1880 274 1941 scorto
298 1883 619 1963 potestatem
644 1885 702 1951 in
727 1903 918 1961 corpus
945 1881 1097 1940 suum
1127 1881 1229 1940 dat.
1287 1883 1458 1961 Qod
1480 1883 1544 1941 ab
1569 1884 1794 1944 homine
1823 1889 1920 1966 pio
1946 1910 2082 1967 pro-

94 1962 280 2045 boque
315 1986 575 2045 perquam
615 1965 852 2020 alienum
889 1963 989 2020 effe
1026 1962 1201 2022 debet.
1287 1965 1459 2044 Absit.
1528 1968 1633 2023 An
1676 1973 1927 2049 ignoraris
1961 1992 2076 2028 enm

93 2053 185 2125 qui
206 2050 564 2127 agglutinatur
571 2045 736 2121 scorto
750 2090 767 2115 ‚
811 2066 968 2102 unum
990 2048 1070 2120 effe
1093 2065 1266 2129 corpws
1290 2067 1404 2103 cnm
1416 2043 1617 2123 scorto?
1661 2051 1793 2106 Hoc
1819 2052 1968 2107 enim
1992 2049 2074 2108 se-

92 2131 278 2207 quitur
312 2150 376 2185 ex
413 2129 605 2186 carnali
642 2128 850 2206 copula.
936 2131 1104 2184 Erunt
1140 2134 1276 2184 enim
1298 2172 1315 2197 ,
1373 2134 1541 2207 inqazit.
1565 2171 1582 2198 ,
1636 2127 1734 2185 duo
1772 2135 1828 2185 in
1864 2152 2072 2189 carnem

89 2230 262 2267 unam.
350 2213 484 2279 Haec
508 2207 583 2266 est
607 2211 721 2266 Dei
744 2207 1014 2267 institutio
1043 2251 1062 2283 9
1121 2230 1282 2288 quam
1307 2209 1476 2265 violat
1499 2230 1556 2265 ac
1582 2211 1837 2280 invertit,
1894 2214 1991 2290 qui
2017 2211 2071 2270 se

88 2294 268 2370 jungit
292 2290 531 2349 foeminae
555 2292 742 2361 alicui,
787 2313 950 2372 quam
972 2293 1114 2349 nolit
1137 2289 1235 2346 fibi
1263 2287 1458 2347 sociare
1493 2289 1557 2346 ad
1584 2309 1907 2368 perpetuum
1932 2313 2069 2350 con-

89 2372 421 2431 tubernium.
505 2373 658 2430 Hinc
683 2371 850 2430 infert
863 2371 1192 2452 Apostolus:
1237 2378 1422 2452 Fugite
1431 2371 1821 2448 scortationem,
1865 2392 1926 2429 ut
1951 2394 2069 2431 rem

86 2454 509 2534 indignissimam
523 2498 539 2523 ‚
580 2453 1057 2535 ttlrpiffimamque.
1144 2455 1310 2511 Omne
1325 2469 1593 2538 peccatum
1616 2452 1749 2532 quod
1760 2455 1952 2530 fecerit
1975 2453 2075 2510 ho-

86 2556 167 2592 mo
193 2553 344 2594 extra
374 2555 550 2619 corpus
573 2535 669 2614 est,
712 2556 806 2614 per
830 2555 1013 2595 caetera
1047 2554 1260 2616 peccata
1285 2557 1478 2615 corpus
1516 2556 1632 2592 non
1667 2537 1741 2592 ita
1764 2537 1822 2591 in
1851 2537 2065 2594 alterius

86 2617 406 2694 potestatem
430 2617 670 2675 traditur.
754 2619 854 2674 Sed
888 2625 978 2698 qui
1002 2619 1258 2696 scortatur
1286 2624 1340 2675 in
1367 2622 1634 2702 proprium
1659 2634 1836 2698 corpus
1862 2636 2063 2699 peccat3

88 2694 303 2777 surripit
326 2700 382 2759 id
406 2700 692 2767 Domin0‚
752 2706 896 2775 cujus
930 2703 1087 2758 omni
1109 2707 1221 2776 jure
1245 2698 1320 2758 est
1347 2725 1362 2768 3
1417 2697 1578 2756 tradit
1607 2696 1663 2754 id
1687 2699 1866 2766 alteri,
1912 2704 2061 2773 cujus

86 2801 203 2839 non
230 2780 459 2840 debebat
484 2782 581 2840 effe
606 2825 622 2851 ,
677 2785 733 2836 δέ
758 2783 846 2837 cui
881 2779 988 2859 ipse
1016 2805 1130 2841 non
1155 2782 1271 2854 vult
1292 2800 1355 2839 ut
1378 2783 1436 2838 in
1473 2796 1795 2858 perpetuum
1830 2797 2056 2838 maneat.

86 2864 226 2922 Uno
249 2861 417 2921 verbo
443 2908 459 2934 ‚
513 2864 791 2941 immergit
827 2862 957 2920 illud
993 2866 1052 2921 in
1095 2866 1346 2922 cloacam.
1444 2861 1568 2918 Nec
1607 2858 1664 2916 id
1698 2857 1793 2938 ipfi
1829 2861 2061 2939 gentiles

85 2946 296 3025 prorsus
321 2943 644 3004 nesciebant.
731 2946 953 3022 Morem
975 2947 1124 3004 enim
1156 2944 1427 3003 habebant
1461 2965 1490 2999 a
1525 2943 1617 2999 tali
1643 2939 1943 2999 concubitu
1966 2964 2062 3000 vem²

85 3029 326 3097 nienteS,
368 3045 515 3086 totos
540 3026 590 3086 se
616 3024 883 3083 abluendi.
913 3025 1183 3101 Qiodhic
1214 3044 1368 3085 notat
1394 3022 1767 3101 Chryfhstomus.
1855 3020 2063 3080 Obser-

80 3126 210 3170 vatu
242 3109 475 3190 dignum
508 3107 583 3167 est
607 3154 623 3179 ‚
684 3104 1014 3186 Apostolum
1039 3129 1068 3166 a
1102 3104 1422 3168 scortatione
1460 3104 1771 3174 dehortari,
1830 3125 1945 3161 non
1981 3103 2057 3160 ob

1916 3201 2057 3240 tem-
