2539 3612
401 85 514 163 332'
1073 85 1699 145 DEDECEM

479 193 583 248 IV.
624 186 927 269 Prophetiae
953 186 1239 268 respondet
1260 186 1496 245 historia.
1537 189 1629 244 De
1653 185 1940 242 Simeonitis
1965 184 2113 243 enim
2138 182 2383 263 refertur,

400 291 495 329 eos
532 289 775 350 tempore
813 269 1028 340 Hizkiae
1050 270 1222 348 regis',
1267 289 1431 326 novas
1455 286 1614 325 terras
1637 264 1908 345 occupasse
1929 309 1946 335 ‚
1991 267 2193 323 incolas
2218 268 2388 326 inter·-

400 354 632 408 necione
659 347 955 418 devovisse,
983 349 1168 427 pascua
1193 369 1383 406 eorum
1407 347 1660 428 gregibus
1684 345 1787 404 suis
1815 343 2036 404 sumsisse
2053 386 2073 418 ,
2102 344 2268 426 ibique
2288 347 2387 405 ha·-

406 430 572 505 bitqff}
606 430 749 509 usque
786 433 841 484 in
879 451 990 486 eum
1026 428 1164 485 diem
1199 448 1312 507 quo
1348 427 1637 507 conscripti
1660 425 1780 485 sunt
1805 426 2212 485 Chronicorum
2238 426 2388 489 libri.

413 529 435 567 1
467 510 679 568 Chron.
717 529 801 566 IV.
831 529 919 588 24.
941 511 1029 587 38.
1052 529 1144 588 41.
1185 511 1317 566 item
1352 513 1647 588 quingentos
1688 529 1856 564 eorum
1889 502 2107 580 cecsdiffi’
2141 507 2389 583 residuum

403 590 538 668 quod
563 589 790 666 evastssrctt
803 592 1254 659 Amalecitarum,
1271 587 1437 667 ibique
1461 590 1785 667 confimiliter
1809 594 1864 643 in
1877 586 2085 644 eundem
2097 587 2240 665 usque
2252 587 2392 658 diem

405 669 656 745 habitaffi.
699 672 896 748 Scripti
917 688 1096 727 autem
1119 666 1241 728 sunt
1265 668 1671 736 Chronicorum
1693 666 1847 738 libri,
1877 669 1963 726 vel
1990 666 2054 724 ab
2083 666 2197 746 ipso
2221 673 2390 741 Eva,

407 769 468 807 ut
502 749 766 830 plerisque
803 750 1068 808 creditum
1092 747 1166 807 est
1193 791 1209 816 ,
1259 751 1345 806 vel
1371 767 1511 806 certe
1536 748 1600 805 ab
1627 750 1809 826 aliquo
1835 750 1932 826 qui
1957 749 2008 804 ei
2035 745 2142 804 fuit
2164 747 2394 827 σύγχρο-

405 842 506 899 v&
522 856 538 900 3
568 829 689 909 post
712 831 928 888 reduces
953 829 1224 909 Babylone
1250 829 1478 910 Judaeos.
1524 834 1672 889 Nam
1699 833 1753 884 &
1781 827 2110 885 redu&i0nis
2135 850 2197 885 ex
2225 833 2396 910 capti-

407 915 569 968 vitate
595 909 919 989 Babylonica
943 913 1308 969 meminerunt
1346 930 1368 966 1
1391 909 1523 966 Chr.
1546 929 1628 965 lx.
1655 929 1702 964 1.
1726 929 1776 963 2.
1808 928 1836 963 2
1859 907 1989 964 Chr.
2005 929 2200 982 xxxvvl.
2221 932 2307 967 22.
2335 917 2394 969 δε

406 990 605 1071 posteri
642 990 1006 1058 Zernbbabeliae.
1025 1035 1043 1061 ,
1087 997 1233 1064 cujus
1259 991 1423 1049 ductu
1448 989 1695 1046 liberatio
1722 988 1808 1043 illa
1833 990 2031 1065 coepit,
2076 1010 2396 1049 enumeran-

412 1093 499 1131 tur
525 1074 660 1152 Cap.
680 1091 703 1128 1
723 1092 810 1129 11.
833 1093 921 1147 19.
980 1074 1323 1130 Alterutrum
1347 1092 1476 1149 ergo
1503 1067 1704 1125 necesse
1730 1064 1836 1136 est,
1882 1069 1966 1124 vel
1990 1066 2134 1145 gesta
2159 1068 2269 1126 haec
2295 1070 2395 1129 esse

412 1171 533 1211 ante
570 1175 772 1210 annum
809 1154 1015 1211 sextum
1051 1153 1269 1221 Hz'le'ae
1292 1195 1306 1219 ,
1355 1157 1408 1207 ἂν
1448 1148 1515 1206 fic
1540 1152 1936 1204 Simeonitarum
1961 1146 2046 1204 isti
2068 1153 2401 1230 Aſjjzriacam

415 1235 782 1312 captivitatem
804 1233 1085 1292 evaserint:
1114 1235 1199 1290 vel
1223 1230 1371 1311 post,
1416 1234 1470 1286 &
1499 1228 1566 1287 sic
1589 1227 1828 1308 produnt
1850 1248 2139 1287 numerum
2164 1232 2400 1312 aliquem

418 1315 727 1373 relifiorum
751 1337 780 1372 a
802 1317 1179 1389 Salmanaffere.

501 1394 586 1455 V..
638 1395 743 1454 Sed
789 1418 890 1455 nec
938 1395 1070 1454 illud
1111 1393 1537 1474 praetereundum
1573 1390 1722 1472 quod
1764 1410 2088 1450 memoratur
2130 1413 2158 1450 2
2188 1391 2399 1452 Chi-‚on²

422 1495 620 1547 xxxlv.
637 1484 693 1535 6.
710 1498 765 1552 9.
809 1478 1014 1557 Josiam
1038 1478 1331 1545 nimirum,
1374 1473 1589 1544 Hizkiiae
1610 1491 1999 1551 pronepotem,
2038 1475 2401 1532 multisannis

423 1557 543 1637 post
569 1556 868 1637 deportatas
891 1560 1174 1636 praecipuas
1197 1555 1517 1613 familiarum
1534 1596 1551 1622 ‚
1594 1552 1755 1610 urbes
1782 1553 2078 1628 Manaffis,
2121 1560 2370 1611 Simeonis
2379 1599 2412 1625 ,.

419 1638 699 1720 Ephraim,
717 1638 1175 1721 Nephtalitarum,
1192 1637 1476 1693 maximam
1499 1650 1706 1710 partem
1727 1629 1969 1699 vastatas,
1989 1631 2053 1688 ab
2079 1631 2403 1691 instrumen-

418 1724 486 1777 tis
515 1719 828 1777 idololatriae
849 1716 1161 1796 repurgasse,
1180 1721 1235 1773 &
1260 1736 1290 1772 a
1312 1715 1552 1793 reliquiis
1577 1732 1757 1769 earum
1782 1708 2024 1769 tribuum
2049 1709 2250 1771 sacrum
2275 1735 2411 1772 exe--

377 1832 380 1834 ·
417 1798 545 1879 gisse
575 1807 628 1856 ὃς
654 1794 934 1877 reportasse
958 1797 1241 1854 tributum.
1324 1801 1432 1853 Pro
1461 1791 1649 1851 iisdem
1673 1793 1838 1851 etiam
1860 1793 2054 1852 Deum
2072 1793 2414 1854 consuluisse‚.

420 1878 552 1938 vers.
581 1900 671 1936 21.
717 1877 1036 1958 Superfuere
1064 1879 1231 1958 igitur
1259 1876 1528 1934 nonnulli.

502 1966 605 2019 VI.
647 1959 910 2019 Residuos
944 1957 1045 2016 hos
1072 1978 1169 2017 nec
1200 1958 1663 2034 Sacrarumlegum
1688 1974 1879 2033 magna
1899 1958 2094 2034 peritia
2121 2000 2138 2026 ,
2181 1978 2281 2016 nec
2304 1980 2410 2018 nua-

422 2048 582 2100 minis
617 2056 752 2099 metu
787 2040 1079 2100 admodum
1113 2039 1361 2118 praeditos
1395 2036 1546 2093 fuisse
1572 2079 1591 2104 „
1632 2056 1695 2091 ex
1720 2054 1785 2091 eo
1815 2034 2067 2114 colligere
2092 2035 2168 2093 est
2191 2082 2206 2106 ,
2252 2041 2405 2118 quod

426 2124 615 2180 Cuthaei
632 2166 651 2193 ,
692 2126 882 2192 Avaei,
925 2119 1255 2188 Hamathaei‚
1289 2114 1584 2195 similesque
1610 2116 1744 2173 novi
1767 2115 1983 2184 coloni,
2011 2114 2076 2172 ab
2102 2120 2319 2199 Aſjjtriis
2341 2122 2405 2179 in

422 2202 764 2280 Ifraie'litidem
797 2200 1076 2260 transmoti
1098 2244 1114 2270 ,
1159 2204 1214 2256 &
1251 2197 1325 2255 ob
1360 2219 1428 2255 ne
1470 2197 1675 2253 leRum
1702 2195 1982 2274 religionis
2004 2238 2020 2264 ,
2063 2217 2159 2273 per
2190 2200 2406 2271 leones,

425 2306 456 2341 a
479 2287 610 2342 Deo
636 2280 893 2340 immissos
917 2326 935 2351 ,
979 2279 1214 2360 castigati
1238 2300 1297 2335 ac
1323 2299 1388 2357 pe
1435 2298 1539 2334 une
1562 2274 1736 2333 habiti
1759 2320 1776 2345 ,
1820 2273 1884 2331 ab
1908 2275 2063 2354 Rege
2093 2279 2304 2358 Aſjjrriae
2328 2277 2407 2337 sa-

425 2364 703 2423 cerdotem
740 2364 996 2442 petierint
1019 2406 1037 2431 ,
1080 2365 1170 2440 qui
1191 2366 1321 2417 rit-ns
1346 2362 1453 2416 Dei
1477 2358 1615 2436 istim
1637 2359 1853 2436 regionis
1880 2376 1958 2411 eos
1983 2355 2416 2435 condocefaeceren¹

368 2455 370 2457 ’
431 2465 460 2501 2
479 2446 731 2525 Rengl
750 2463 796 2500 1.
819 2463 910 2521 24.
966 2447 1102 2521 Qae
1132 2439 1374 2519 supinam
1396 2460 1559 2520 penes
1585 2437 1834 2495 Israelitas
1861 2434 2158 2516 superstites
2181 2441 2424 2521 religio—v

425 2526 510 2585 nis
535 2525 897 2604 ignorantiam
919 2543 975 2580 ac
1002 2521 1390 2601 negligentiam
1412 2537 1665 2599 arguunt.e
2399 2546 2403 2550 -

507 2610 637 2666 VII.
684 2604 833 2661 Cum
856 2601 951 2661 ista
970 2601 1322 2660 Barbararum
1346 2603 1593 2681 gentium
1617 2598 1763 2669 fece,
1795 2600 1995 2657 multos
2024 2603 2119 2680 qui
2144 2602 2411 2661 remanse-

438 2705 559 2746 rant
581 2685 964 2763 Iftab‘litarum‚
979 2684 1336 2754 matrimoniis
1360 2679 1603 2739 coaluisse
1619 2724 1634 2750 ‚
1649 2701 1765 2738 non
1789 2679 1957 2738 modo
1985 2701 2048 2737 ex
2072 2684 2240 2762 genio
2265 2681 2412 2758 abje-

437 2767 623 2826 ‹ffioris
648 2765 788 2823 illius
811 2764 1015 2843 popelli
1039 2760 1318 2843 probabile
1344 2760 1449 2820 est:
1481 2760 1570 2820 sed
1592 2761 1676 2820 vel
1701 2782 1765 2818 ex
1789 2782 1856 2818 eo
1881 2763 2140 2832 maxime,
2167 2763 2412 2845 quodne

439 2846 665 2929 quidem
687 2845 906 2904 reduces
927 2841 1179 2927 Babylone
1201 2843 1407 2924 Judaei,
1444 2844 1559 2900 imo
1588 2863 1651 2899 ex
1674 2840 2024 2920 optimatibus
2049 2842 2200 2922 ipsis,
2225 2849 2413 2901 Sama-

439 2934 729 2988 {titanorum
764 2924 868 2983 five
907 2923 1213 2984 Cuthaeorum
1235 2921 1548 2982 affinitatem
1570 2921 1875 3000 spreverint.
1959 2923 2130 2998 Cujus
2155 2927 2234 2981 rei
2257 2942 2413 3003 turpe

437 3009 743 3091 exemplum
765 3003 993 3086 praebuit
1014 3007 1203 3086 aliquis
1227 3025 1255 3066 e
1281 3004 1405 3075 filiis
1421 3002 1614 3087 quadae
1637 3002 1739 3064 filii
1749 2999 1964 3083 Eliafibi
1976 3001 2255 3067 sacerdotis
2268 3002 2414 3097 surn-

2304 3104 2416 3156 ml,
