2539 3612
288 219 369 284 42
816 197 1792 252 AEGYPTIAcokuM

374 300 532 359 XIII.
580 298 854 378 Confilium
885 312 1067 353 autem
1091 291 1291 351 Michae
1314 291 1421 349 Vir
1443 286 1800 346 Doffiffimus
1825 287 1884 344 in
1908 286 2053 346 hunc
2083 291 2313 351 modum

296 381 528 464 expedit.
595 380 735 437 Non
775 400 871 446 eo,
915 375 1129 456 inquit,
1171 374 1356 431 animo
1396 369 1672 429 aediculam
1706 366 1851 426 suam
1895 370 2082 428 Micha
2116 370 2314 430 instru-

296 467 495 524 mentis
521 462 604 520 his
630 458 772 518 sacro
798 456 918 517 usui
943 454 1213 516 destinatis
1239 453 1518 523 instruxit³,
1560 450 1706 532 quasi
1730 473 1760 508 a
1781 452 1919 509 Veri
1943 455 2184 511 numinis
2209 453 2318 512 fide

299 551 357 604 &
381 546 529 604 cultu
552 541 802 600 secessum
824 538 1186 597 meditaretur.
1269 535 1422 593 Nam
1445 536 1529 592 uti
1555 551 1722 590 mater
1758 552 2039 612 argenteos
2066 534 2184 592 suos
2211 534 2321 615 Je-

301 624 441 686 hovae
462 622 881 692 consecraverat,
926 622 985 678 in
1011 624 1121 694 ejus
1149 638 1346 695 nempe
1372 618 1577 674 cultum
1609 619 1663 670 &
1686 612 1983 684 honorem3
2028 618 2100 673 ita
2125 620 2180 672 &
2206 615 2318 694 ipse

301 727 427 788 egre
470 708 518 764 ia
552 704 714 762 studii
750 702 830 761 sui
855 705 913 761 in
947 703 1138 759 Deum
1177 721 1235 756 ac
1270 700 1449 779 legem
1478 698 1745 754 Divinam
1779 694 2103 753 documenta
2139 696 2320 766 dedit,

303 728 467 867 quo}
479 785 798 843 Sacerdotem
823 806 851 841 e
879 800 1043 865 gente
1073 786 1320 839 Levitica
1343 777 1634 837 oriundum
1649 822 1666 848 ,
1711 798 1883 856 quum
1905 779 2142 857 primum
2179 779 2322 835 illius

305 867 405 927 fibi
432 865 569 925 fa&
596 865 672 924 est
708 867 863 946 copia
888 909 905 936 ,
949 864 1220 945 quantivis
1255 860 1556 920 conducere
1593 856 1749 917 satius
1783 856 2058 929 habuerit,
2099 876 2162 916 ut
2186 879 2325 916 novae

306 953 439 1029 Legi
475 952 689 1006 Divina
724 944 1082 1017 satisfacerct3
1124 966 1287 1026 quam
1309 942 1494 1021 filium
1527 940 1681 999 suum
1705 943 2106 1022 primogenitum
2129 985 2146 1011 ,
2188 961 2326 998 more

309 1034 563 1111 majorum
584 1029 757 1105 sanffe
793 1039 873 1086 (Τ
909 1026 1134 1106 relzgiosb
1170 1024 1533 1102 confhcratum,
1576 1025 1636 1080 in
1674 1018 1860 1078 officio
1883 1021 2053 1080 isthoc
2077 1024 2324 1081 retinere.

309 1110 555 1191 Ideoque
592 1109 848 1169 credibile
888 1106 962 1165 est
987 1107 1265 1175 Micham,
1309 1109 1473 1162 cultus
1509 1103 1744 1178 Mofizici
1767 1105 1912 1172 zelo,
1955 1110 2124 1161 minus
2148 1105 2328 1181 forfim

310 1195 538 1249 occulato
551 1236 569 1263 ,
613 1191 834 1251 ductum
849 1234 866 1262 ,
909 1189 1190 1269 religionis
1217 1185 1315 1244 suae
1341 1189 1473 1242 ritus
1513 1184 1578 1241 ad
1604 1184 1745 1238 illius
1780 1184 2046 1260 exemplar
2077 1183 2331 1241 adornare

307 1270 551 1331 statuisse.

395 1352 559 1413 XIV.
604 1353 890 1411 Nimirum
917 1371 984 1408 eo
1008 1368 1254 1427 tempore
1278 1352 1417 1415 Rex,
1473 1344 1529 1403 id
1551 1343 1624 1401 est
1651 1344 1878 1423 Judex,
1922 1345 2107 1402 nullus
2123 1345 2332 1425 populo

310 1432 525 1511 praefuit
545 1461 564 1506 3
618 1435 822 1492 idcirco
845 1476 862 1501 ,
917 1449 978 1488 ut
1013 1430 1078 1487 fit
1102 1474 1118 1499 ,
1174 1425 1472 1484 latronibus
1519 1445 1579 1483 ac
1623 1424 1815 1484 sicariis
1868 1423 2060 1483 infesta
2108 1428 2329 1496 itinera3

309 1513 415 1572 suis
440 1514 617 1574 forsan
646 1512 885 1593 partibus
911 1511 1131 1569 deerant
1156 1529 1377 1589 quoque
1420 1504 1763 1577 Sacerdotes;
1807 1506 2024 1587 publica
2049 1509 2331 1587 religionis

308 1598 561 1654 exercitia
584 1618 704 1665 non,
726 1592 825 1653 nisi
851 1592 1060 1650 summo
1085 1592 1270 1670 capitis
1296 1586 1601 1647 discrimine
1628 1588 1761 1646 adiri
1784 1606 2061 1668 poterant3
2094 1589 2332 1670 denique

308 1674 497 1756 susque
530 1677 704 1757 deque
745 1672 891 1732 versa
924 1690 1074 1731 erant
1106 1673 1308 1729 omnia.
1398 1676 1590 1751 Qum
1629 1671 1810 1749 itaque
1836 1692 1895 1728 ea
1920 1668 2045 1727 effet
2070 1668 2332 1730 deformis

307 1758 554 1817 Ecclefiae
591 1758 780 1828 facieS‚
824 1754 1012 1813 Micha
1049 1754 1355 1832 exemplum
1392 1749 1547 1808 suum
1584 1750 1762 1806 seculo
1799 1751 1878 1806 illi
1903 1750 1961 1806 in
1986 1753 2120 1807 mala
2145 1754 2333 1809 omnia

309 1841 490 1897 ruenti
529 1838 814 1919 opposuit,
858 1836 1139 1915 religionis
1167 1833 1311 1912 quasi
1334 1833 1501 1910 stator
1539 1829 1675 1900 fuit,
1718 1831 2047 1910 Deumque,
2090 1829 2128 1888 fi
2153 1833 2333 1890 minus

308 1938 372 1978 ut
394 1921 602 1991 voluit,
646 1938 708 1978 ut
732 1920 915 2000 potuit
940 1934 1111 1985 certe,
1156 1914 1332 1971 colere
1359 1912 1609 1970 decrevit.
1696 1909 1936 1989 Ideoque
1979 1929 2201 1969 tenuem
2236 1912 2334 1971 sal-2

312 2018 426 2060 tem
468 2004 639 2060 cultus
673 1998 904 2060 Mosaici
940 1998 1265 2077 imaginem,
1310 1996 1369 2054 in
1395 1992 1612 2052 aedicula
1638 1993 1726 2050 illa
1749 2012 1912 2071 quam
1934 1991 2154 2072 Jehovae
2186 1992 2332 2054 dica-

311 2102 485 2152 verat,
531 2082 794 2141 imitando
820 2077 1080 2158 expressit.

394 2167 530 2223 XV.
561 2175 619 2221 In
643 2185 807 2244 quam
830 2160 1148 2219 sententiam
1174 2177 1242 2213 eo
1265 2156 1432 2232 magis
1456 2152 1724 2234 propenso
1751 2151 2002 2233 facilique
2028 2154 2211 2212 animo
2238 2176 2335 2214 ve-

310 2245 576 2303 niendum
598 2245 838 2311 videtur,
883 2241 1146 2319 quoniam
1184 2234 1582 2294 Sacrosanctum
1604 2237 1834 2293 Numen
1870 2240 1925 2291 δε
1950 2235 2149 2293 Michae
2174 2241 2229 2296 &
2255 2235 2335 2294 sa-

309 2328 412 2383 cris
462 2325 620 2404 ipsius
658 2322 1031 2380 testimonium
1061 2336 1173 2376 tam
1212 2316 1442 2388 illustre,
1495 2320 1696 2376 oraculo
1732 2340 1795 2374 ex
1830 2314 2144 2402 Theraphim
2176 2317 2334 2389 dato,

315 2405 578 2463 exhibuit.
623 2405 773 2461 Nam
795 2402 1038 2471 Danitae,
1083 2420 1221 2478 quos
1246 2397 1441 2457 dubius
1465 2401 1672 2457 itineris
1695 2398 1772 2456 sui
1797 2418 2017 2457 eventus
2042 2399 2227 2456 anxios
2251 2416 2334 2456 te-

312 2489 466 2557 nuit,
510 2485 708 2544 Michae
735 2486 1013 2553 Levitam,
1056 2480 1372 2562 Theraphim
1396 2481 1498 2539 suis
1526 2479 1869 2551 instrrfiurn,
1908 2479 2110 2549 adiere,
2135 2501 2336 2559 rogan-²

318 2585 396 2625 tes
420 2587 482 2626 ut
504 2570 693 2625 Deum
715 2567 839 2622 loco
866 2563 960 2623 suo
985 2560 1299 2621 consuleret.
1338 2563 1461 2643 Jud.
1489 2583 1589 2620 XVI
1607 2583 1628 2618 1
1648 2583 1693 2620 1.
1729 2581 1774 2641 5.
1819 2560 1913 2619 Ab
1940 2583 2005 2619 eo
2029 2578 2207 2618 autem
2228 2559 2335 2623 hoc

317 2648 552 2729 responsi
587 2651 825 2707 tulerunt
848 2672 863 2717 3
918 2651 997 2702 Ite
1033 2651 1087 2701 in
1103 2663 1232 2727 pace
1255 2688 1271 2713 ,
1326 2665 1500 2701 coram
1522 2648 1747 2701 Domino
1771 2649 1867 2700 via
1891 2643 1954 2721 est
1975 2664 2130 2721 qnam
2152 2647 2338 2704 inituri

317 2731 445 2808 estis.
514 2733 604 2787 De
630 2736 775 2804 cujus
798 2725 1032 2808 responsi
1054 2730 1248 2805 origine
1273 2726 1451 2806 coelesti
1474 2729 1594 2805 quis
1618 2723 1898 2784 dubitandi
1921 2725 2130 2780 relifftus
2155 2721 2229 2779 est
2251 2724 2339 2781 lo.-

322 2830 413 2866 cus
440 2818 461 2868 ?
504 2811 654 2869 Nam
677 2812 905 2868 Danitas
928 2853 945 2879 ,
997 2809 1207 2865 animos
1231 2829 1260 2862 a
1281 2808 1402 2864 laeto
1429 2808 1522 2864 illo
1548 2810 1733 2864 omine
1760 2807 2050 2874 sumentes,
2096 2803 2261 2863 fidem
2285 2808 2338 2862 ei

324 2891 661 2950 certiffimam
685 2890 877 2951 dedisse
904 2887 1134 2958 constat,
1171 2909 1347 2967 neque
1374 2891 1574 2946 Levitae
1599 2891 1791 2968 religio
1815 2889 2013 2966 patitur
2029 2931 2043 2954 ,
2069 2905 2131 2943 ut
2155 2886 2337 2957 illum,

325 2974 476 3029 nullo
511 2977 686 3051 pretio
726 2971 1054 3031 condufium
1077 3015 1094 3040 ,
1148 2971 1423 3028 oraculum
1456 2973 1730 3029 Divinum
1754 2988 1862 3026 tam
1886 2966 2132 3045 perfrieta
2155 2965 2338 3023 fronte

326 3051 576 3110 simulasse
602 3054 948 3112 crederemus,
1005 3051 1109 3109 Sed
1133 3055 1188 3107 &
1213 3049 1320 3129 ipse
1343 3074 1521 3110 rerum
1546 3069 1765 3111 eventus
1788 3050 1987 3109 oraculi
2013 3047 2159 3105 istius
2185 3048 2338 3104 coeli-

327 3156 408 3191 tus
434 3134 603 3191 emis'fi
627 3135 790 3194 fidem
813 3132 929 3192 satis
954 3131 1187 3211 implesse
1213 3132 1439 3191 videtur.
1478 3139 1560 3191 At
1584 3135 1702 3214 quis
1728 3132 1887 3190 corde
1914 3130 2044 3187 adeo
2070 3130 2224 3187 omni
2247 3149 2339 3185 va-

331 3236 457 3273 cuus
493 3214 567 3274 est
589 3261 605 3287 ,
658 3236 722 3275 ut
753 3214 944 3276 sentiat
976 3215 1203 3274 Danitas
1231 3236 1261 3272 a
1284 3214 1484 3276 Michae
1508 3209 2110 3293 Theraphimresponsa
2131 3211 2340 3267 Divina

2159 3289 2342 3371 exspe-
