2371 3612
689 148 1582 224 DEDICATIO.

145 273 322 352 sunt,
372 270 548 362 quafi
587 293 713 337 non
745 265 915 337 idem
943 273 1162 354 injuria
1192 283 1558 354 temporum
1593 319 1608 338 ‚
1657 263 1721 330 &
1757 271 1994 333 incuria
2026 287 2139 336 aut

147 368 392 438 malitia
419 373 612 434 etiam
642 361 974 430 hominum
992 413 1007 437 ,
1059 359 1258 426 Sacris
1287 357 1514 425 nostris
1542 354 1715 423 libris
1744 366 1988 426 evenire
2016 381 2135 449 po-

148 469 371 534 tuerit,
423 453 595 546 quod
626 454 766 521 aliis
804 450 1096 521 omnibus
1131 450 1372 540 scriptis
1389 495 1410 528 ,
1439 468 1514 516 ut
1545 446 1790 516 medica
1824 449 2140 541 indigeant

150 577 362 622 manu.
460 545 743 615 Exuendi
785 553 978 613 etiam
1012 551 1201 612 animi
1232 550 1307 609 iis
1339 540 1727 631 praejudiciiS,
1786 541 2014 632 quibus
2048 544 2140 615 sa-

153 667 296 712 cros
329 642 578 731 aliquos
609 638 805 707 libros
850 661 976 704 non
1020 636 1142 703 suis
1172 633 1566 711 au&oribu8,
1616 641 2007 724 nimiumque
2040 659 2142 704 ve-

150 735 330 804 tustis
391 732 613 801 seculis
652 785 667 807 ‚
732 729 905 798 rudis
969 752 1044 794 ac
1107 726 1364 794 credula
1427 726 1714 794 attribuit
1779 735 2144 815 antiquitas,

153 830 304 896 Non
353 822 794 894 intercedimus
829 876 842 898 ,
907 828 1196 909 inquiunt
1229 873 1244 895 ,
1296 842 1427 906 quo
1461 826 1664 886 minus
1700 818 1967 886 credatis
2001 825 2147 887 Deo

154 919 424 987 Austori
479 915 688 984 deberi
721 909 1134 982 Pentateuchi
1168 910 1438 978 Mosaici
1472 919 1807 1001 originem:
1862 931 1927 978 at
1962 911 2146 979 scitis-

155 1036 233 1080 ne
262 1056 276 1078 ,
327 1034 457 1100 quo
490 1005 740 1074 modo?
790 1003 1108 1072 Minerval
1138 1024 1392 1095 parate,
1445 1023 1771 1093 quotquot
1806 1002 2153 1072 secretioris

157 1101 273 1171 effe
301 1101 494 1171 vultis
530 1098 795 1166 consulti
827 1098 1170 1188 sapientiae3
1205 1094 1543 1170 minerval,
1594 1104 1888 1185 inquam,
1935 1115 2157 1186 parate

158 1198 401 1284 Reginae
446 1192 844 1260 scientiarum
871 1236 885 1261 ,
936 1195 1116 1256 Divae
1148 1190 1394 1257 Criticae
1413 1230 1429 1252 ‚
1476 1208 1617 1273 quae
1645 1195 1929 1275 propitio
1961 1196 2162 1278 magis

159 1310 355 1375 quam
385 1308 667 1373 unquam
698 1282 886 1351 vultu
921 1279 1210 1347 nostrum
1243 1276 1369 1344 hoc
1404 1275 1686 1344 seculum
1706 1328 1722 1355 ‚
1774 1278 2017 1345 nostras
2049 1278 2168 1347 has

161 1394 360 1446 terras
390 1376 705 1467 adspicere
743 1373 998 1463 dignata
1029 1370 1141 1438 est.
1239 1367 1361 1435 Illa
1391 1367 1678 1446 docebit,
1729 1368 1906 1459 quod
1941 1370 2020 1436 ab
2062 1396 2171 1439 an-

159 1479 341 1560 tiquo
396 1467 622 1559 populi
652 1462 1125 1556 propemodum
1159 1483 1414 1539 omneS‚
1464 1468 1506 1528 ii
1539 1482 1706 1529 certe
1749 1470 1857 1552 qui
1898 1485 2021 1552 prae
2054 1486 2169 1531 cae-

163 1570 311 1630 teris
358 1569 737 1628 moratiores
768 1576 966 1625 erant
998 1610 1014 1633 ,
1081 1553 1374 1644 publicos
1405 1552 1551 1620 suos
1582 1552 1916 1622 habuerint
1949 1556 2170 1623 astum·

162 1663 291 1723 rios
309 1700 331 1731 ‚
380 1662 490 1743 qui
522 1661 656 1744 quae
690 1649 942 1741 singulis
976 1644 1415 1716 memorabilia
1444 1646 2170 1737 contingebanttemposs

164 1746 386 1822 ribUS,
433 1771 508 1814 ea
562 1746 794 1836 magna
848 1741 1175 1832 diligentia
1212 1793 1227 1815 ,
1294 1763 1373 1829 ae
1422 1737 1550 1807 fide
1584 1738 1842 1826 quidem
1876 1742 2162 1828 optima,

167 1837 405 1928 scripto
436 1838 897 1929 consignarent,
944 1842 1006 1901 in
1034 1837 1230 1922 Regni
1259 1828 1551 1898 Archivis
1566 1829 1925 1917 reponenda
1945 1884 1959 1908 ,
1991 1830 2170 1900 afler-

171 1929 400 1999 vanda.
496 1935 781 2022 AEgyptii
834 1931 1144 2016 imprimis
1176 1977 1191 2001 ,
1256 1920 1698 2012 sapientiffima
1744 1930 1922 1989 natio
1947 1974 1964 1999 ‚
2018 1921 2171 1992 huic

176 2031 354 2110 operi
398 2019 820 2091 admoverunt
863 2015 1232 2086 Sacerdotes
1263 2014 1409 2080 suos
1440 2032 1633 2102 atque
1667 2013 2166 2104 Hierophantas.

173 2114 251 2184 ld
281 2114 361 2182 ab
390 2122 464 2181 iis
502 2114 722 2182 Moses
757 2110 1010 2185 didicit,
1060 2117 1123 2175 in
1153 2113 1601 2196 AEgyptiorum
1633 2103 1956 2195 disciplina
1972 2106 2177 2197 probe

173 2206 456 2276 eruditus
491 2238 508 2286 ;
585 2204 859 2292 ideoque
895 2209 1032 2287 jam
1081 2198 1120 2264 ἐι
1166 2205 1384 2287 primis
1413 2194 1759 2264 Israeliticae
1786 2197 2174 2288 Reipublicae

169 2307 361 2368 initiis
395 2349 415 2373 ,
475 2304 647 2364 viros
682 2294 932 2383 aliquos
962 2289 1329 2381 prudenteS,
1379 2314 1453 2357 ac
1484 2311 1710 2378 magna
1740 2293 1954 2357 Divini
1983 2291 2170 2381 Spiri-

174 2411 282 2458 tus
329 2387 620 2455 mensura
649 2384 979 2476 prae'dit08‚
1028 2382 1273 2473 selegit,
1326 2380 1556 2472 quibus
1603 2405 1754 2448 cura
1802 2383 1996 2450 Sacrae
2038 2387 2164 2450 Hi-

174 2482 377 2550 storiae
418 2478 747 2548 scribendae
782 2475 1163 2549 demandata
1194 2475 1303 2543 est.
1402 2479 1562 2565 Qio
1593 2470 1812 2541 officio
1847 2497 2045 2563 quum
2074 2475 2170 2544 illi

176 2573 445 2643 fideliter
496 2597 568 2639 ac
611 2570 863 2662 prolixe
905 2566 1184 2637 defunffi
1232 2565 1463 2643 essent,
1509 2585 1704 2656 atque
1730 2564 2182 2656 elephantinos

171 2663 649 2759 propemodum
680 2663 877 2732 libros
905 2657 1311 2751 reliquissent,
1360 2655 1603 2726 fastum
1636 2658 1729 2727 est
1747 2657 1996 2727 labente
2012 2659 2173 2727 tem-

176 2784 335 2849 pore
370 2813 386 2838 ,
448 2759 652 2826 nescio
700 2753 959 2847 quando
993 2809 1008 2833 ,
1059 2749 1313 2822 fortasse
1346 2750 1490 2841 post
1521 2748 1800 2819 solutam
1838 2759 2190 2842 captivita-·

179 2870 312 2920 tem
338 2848 826 2941 Babylonicam,
874 2867 948 2915 ut
978 2845 1114 2922 alii,
1154 2844 1363 2914 *nescio
1393 2851 1535 2934 qui,
1586 2862 1898 2923 attamen,
1931 2867 2009 2912 ne
2033 2844 2172 2912 suc-

180 2943 474 3013 censeatis
501 2997 516 3021 ,
583 2947 798 3013 Divini
845 2938 1103 3009 afflatus
1150 2963 1277 3008 non
1303 2938 1610 3013 exsortes,
1663 2935 1806 3005 inde
1837 2935 1964 3005 hoc
1994 2934 2187 3028 quod..

179 3059 298 3104 nos
340 3035 647 3104 habemus
687 3090 703 3115 ,
765 3036 829 3103 ἃ
876 3053 951 3101 ut
978 3031 1409 3103 venerabilem:
1434 3028 1643 3099 Mofis
1679 3030 2192 3120 pentateuchum:

180 3128 658 3211 exosculamur,
710 3122 1227 3220 compilaverintr
1347 3127 1552 3195 Porro
1601 3122 2055 3216 compilatores
2075 3120 2189 3189 ⁴hil

1972 3235 2177 3307 quum
