2539 3612
712 206 718 208 ⁷
772 195 819 249 L
862 210 887 249 1·
928 211 981 249 B.
1028 191 1125 247 ΠΙ.
1215 189 1268 247 C
1311 210 1355 250 A
1400 209 1451 248 P.
1511 195 1554 248 I.
2028 222 2144 279 199.

144 318 264 358 rum
305 298 819 358 commentariorum
845 296 1030 353 au<Stor
1056 294 1206 353 fuisse
1233 291 1581 374 perhibetur:
1616 298 1814 376 partim
1840 320 1903 359 ex
1930 303 1993 360 iis
2019 328 2136 386 quae

137 400 409 461 acceperat
445 405 473 439 a
509 378 810 460 Jerombalo
847 376 1116 434 Sacerdote
1151 380 1258 433 Dei
1296 378 1639 449 IEUOU‚
1685 399 1745 438 ut
1771 403 1834 440 ex
1858 386 2132 468 Porphyrio

132 464 369 539 Euftbz'm
393 507 408 533 ‚
461 481 561 540 pro
598 482 711 539 quo
746 458 1085 516 Theodoram
1124 459 1257 538 legit
1295 459 1500 517 IAO:
1557 465 1754 538 partim
1791 464 2026 547 denique
2061 492 2128 529 ex

134 542 456 625 lingularum
490 541 714 599 urbium
745 542 1147 599 commentariis·
1172 583 1188 610 ,
1243 545 1298 596 &
1337 543 1665 620 templorum
1707 553 2081 607 monumentis
2102 595 2123 623 ,

129 645 245 704 quae
281 643 484 703 reperta
521 623 643 681 sun‘t
678 624 736 681 in
772 622 939 702 adytis
977 621 1203 701 reposita
1226 664 1242 691 ‚
1288 625 1531 681 Amnis
1556 628 1970 686 Ammonaeorum
1993 631 2120 689 lite-

122 707 193 761 ris
220 750 235 773 ,
281 727 505 785 quarum
541 707 797 762 notitiam
830 706 987 785 pauci
1023 702 1231 783 oppido
1271 702 1483 761 affecuti
1511 702 1647 762 sunt.
1736 709 1916 768 Tanta
1944 732 2109 790 porro

117 783 399 864 diligentia
422 808 478 843 ac
503 786 609 843 fide
636 789 823 843 omnia
847 784 1136 866 congeffit‚
1180 803 1241 842 ut
1265 784 1371 841 hoc
1397 787 1537 843 illius
1569 808 1707 865 opus
1731 788 1964 848 Abihalo
1990 793 2106 851 Re-

111 868 172 944 gi
221 862 536 952 Berytio'rum
587 866 891 926 dedicatum
917 907 936 940 ,
990 889 1106 924 non
1141 866 1310 925 modo
1348 869 1466 924 Rex
1490 912 1506 937 ‚
1564 867 1648 927 sed
1687 872 1849 932 etiam
1885 875 1927 929 ii
1962 872 2104 952 apud

110 944 285 1026 ipsum
313 993 328 1016 ‚
375 971 612 1028 quorum
645 967 757 1007 erat
793 948 859 1009 de
898 950 1119 1006 veritate
1147 947 1469 1028 scriptorum
1492 949 1817 1028 cognoscere
1843 996 1862 1024 ,
1906 976 2099 1013 omnes

113 1028 537 1107 comprobarint.

187 1114 339 1170 XIV.
395 1114 540 1169 Mira
586 1133 716 1170 vero
757 1114 1040 1191 Scriptoris
1073 1112 1229 1189 hujus
1266 1117 1543 1192 antiquitas
1585 1112 1700 1170 est:
1758 1116 1960 1194 quippe
1985 1119 2098 1196 'qui

104 1190 348 1272 Trojaenis
384 1191 643 1251 vetustior
675 1196 921 1274 proxime
946 1193 1011 1250 ad
1033 1198 1205 1273 Mofis
1226 1212 1432 1251 aetatem
1457 1192 1739 1264 acceffilst,
1784 1201 1839 1252 ὃ(
1865 1202 2098 1254 Semim-

101 1273 267 1342 mide‚
295 1296 455 1354 quam
478 1278 665 1330 Iliacis
687 1273 1024 1353 temporibus
1047 1277 1134 1333 vel
1159 1277 1524 1354 antiquiorem
1546 1278 1633 1332 vel
1655 1278 1915 1356 aequalem
1937 1275 2090 1335 fuisse

99 1371 404 1410 memorant
426 1398 443 1423 ‚
488 1354 630 1430 apud
659 1357 886 1435 Affjrios
908 1375 1164 1434 regnante
1182 1402 1197 1425 ‚
1243 1355 1424 1413 vixiffe
1451 1379 1480 1413 a
1505 1356 1778 1440 Porphyrio
1803 1356 2091 1435 perhibea⁴⁷

104 1448 207 1490 tur.
294 1433 588 1492 Intercedit
613 1434 836 1513 quidem
860 1433 980 1511 post
1004 1439 1321 1513 Scaligerum
1345 1440 1403 1491 V
1396 1436 1567 1513 efflas,
1613 1439 1738 1515 qui,
1765 1457 1827 1494 ut
1850 1438 2090 1516 probent

100 1514 600 1573 Sanchuniathonem
623 1516 983 1572 recentiorem
1010 1512 1107 1572 effe
1129 1537 1293 1594 quam
1316 1514 1609 1572 Phoenicum
1632 1520 1843 1574 annales
1868 1517 2052 1579 ferunt
2071 1564 2090 1592 ‚

100 1615 226 1653 eum
251 1595 548 1654 meminisse
572 1595 857 1655 observant
880 1598 1143 1675 temporis
1172 1617 1284 1676 quo
1308 1596 1470 1677 firm
1495 1596 1714 1654 condita
1739 1596 1842 1665 est,
1882 1605 1938 1655 &
1965 1604 2093 1679 qui-

97 1675 223 1734 dem
247 1675 545 1735 meminisse
568 1697 630 1735 ut
655 1680 732 1734 rei
754 1684 858 1752 jam
884 1681 1132 1756 antiquae.
1170 1678 1351 1757 Atqui
1374 1677 1537 1755 ‘Tjaerus
1562 1699 1678 1734 non
1704 1677 1927 1757 quidem
1944 1703 2090 1740 anno

43 1823 53 1834 ἱ
97 1776 210 1814 uno
238 1777 358 1816 ante
384 1758 668 1838 Trojanam
695 1757 898 1814 cladem
923 1756 1180 1814 exstructa
1204 1757 1306 1827 est,
1337 1758 1487 1836 quod
1515 1758 1759 1838 Justinus
1785 1758 1927 1817 libro
1954 1766 2090 1843 Epi-

95 1853 254 1894 tomes
290 1838 388 1896 suae
425 1836 866 1917 duodevigesimo
906 1835 1035 1894 falso
1066 1838 1282 1895 tradidit
1306 1863 1322 1908 3
1378 1857 1610 1897 attamen
1637 1857 1757 1897 ante
1784 1840 1988 1899 cladem
2015 1845 2088 1900 il-

95 1918 201 1976 lam
237 1921 454 1978 condita
489 1918 563 1976 est
586 1921 736 1976 annis
762 1941 877 1976 non
904 1920 1130 1997 amplius
1158 1939 1357 1978 LXXVI
1391 1963 1408 1989 ,
1449 1939 1512 1977 ut
1538 1925 1597 1977 V
1589 1921 1731 1999 offius
1754 1940 1907 2000 putat
1934 1968 1950 1993 ‚
1996 1927 2084 1982 vel

93 1999 385 2059 secundum
425 2000 683 2057 Lndovici
723 2003 952 2082 Cappelli
986 2000 1247 2057 calculum
1279 2002 1430 2058 annis
1468 2020 1608 2060 va.
1705 2004 1977 2060 Caeterum
2014 2005 2079 2064 ad

90 2078 460 2156 objectionem
485 2103 601 2138 eam
624 2080 1011 2138 retundendam
1047 2080 1314 2139 observari
1335 2081 1486 2156 jubet
1512 2081 1793 2139 Bochartus
1814 2128 1830 2154 ‚
1875 2107 2080 2144 nomen

92 2162 217 2243 eri
253 2166 311 2221 in
349 2162 580 2219 Phoenice
611 2160 836 2218 urbibus
861 2162 1043 2218 multis
1070 2180 1360 2219 commune
1387 2161 1538 2220 fuisse
1567 2187 1581 2220 z
1624 2186 1850 2244 quarum
1874 2166 1962 2222 illa
1987 2188 2079 2224 ce-

88 2240 371 2302 leberrima
394 2290 410 2314 ‚
455 2266 570 2323 quae
608 2242 714 2300 fuit
750 2245 806 2300 in
842 2240 1008 2299 infiila
1042 2244 1218 2299 Vicina
1253 2245 1534 2326 Palmyra,¹
1577 2262 1691 2301 non
1729 2263 1908 2301 tamen
1932 2249 2076 2304 anti-

89 2322 351 2404 quiffima.
436 2328 517 2381 Ea
551 2326 751 2404 quippe
789 2322 1139 2383 vetustiorem
1177 2321 1327 2381 fuiffe
1367 2327 1667 2407 Palaetyrum
1690 2369 1704 2394 ‚
1749 2327 1834 2382 vel
1864 2347 1929 2381 ex-
1955 2324 2071 2404 ipso

87 2407 314 2463 nomine
352 2404 572 2463 constat.
656 2407 856 2486 Neque
893 2408 1043 2464 enim
1069 2404 1212 2464 aliud
1235 2408 1508 2488 Palaetyrus
1532 2422 1694 2485 qua-m
1718 2422 1871 2462 vetus
1887 2408 2067 2488 Tyrus.

83 2490 271 2566 Itaque
305 2490 542 2565 Palaetyri
574 2489 785 2545 mentio
806 2486 871 2545 fit
895 2489 951 2545 in
979 2481 1120 2544 libro
1145 2486 1308 2568 Jofitae
1334 2508 1446 2566 cap.
1472 2507 1596 2543 xtx.
1631 2507 1720 2560 29.
1807 2485 1892 2543 Ibi
1919 2490 2069 2547 enim

82 2582 169 2626 Ὧδ’
199 2588 327 2628 ἻῺΊΊ
359 2574 553 2625 civitas
586 2573 787 2625 mum't'a
817 2568 980 2646 Tyrus
1006 2613 1021 2638 ‚
1066 2570 1403 2647 Asbritarum'
1432 2570 1585 2624 limes
1621 2568 1690 2624 ad
1728 2588 1869 2625 mare
1886 2612 1902 2637 ‚
1947 2586 2064 2628 non

83 2651 275 2726 procul
297 2669 327 2708 a
348 2649 561 2718 Sidone,
579 2671 690 2707 non
716 2649 890 2728 potest
917 2652 1016 2708 alia
1040 2649 1139 2708 esse
1166 2673 1328 2732 quam
1354 2651 1645 2732 Pal'aetyrusf
1660 2649 1834 2705 Porro
1862 2648 1924 2705 d'e
1953 2656 2064 2707 Pa-

77 2733 271 2813 laetyro,
316 2751 431 2790 non
470 2730 533 2788 de
558 2731 686 2812 ‘1er
712 2729 921 2788 insulari
942 2733 1119 2790 actum
1143 2735 1240 2790 effe
1270 2733 1326 2789 in
1355 2730 1458 2787 illis
1481 2729 1913 2789 Sanchuniatonis
1936 2752 2058 2788 ver-

78 2809 161 2869 b'is'
186 2858 200 2882 ,
246 2813 443 2894 quibus
470 2831 585 2870 tota·
609 2812 802 2870 nititur
824 2815 1072 2892 Scaligeri
1096 2820 1153 2872 δι’
1176 2813 1332 2892 Voffli
1354 2812 1749 2892 argumentatio
1764 2855 1780 2880 ‚
1824 2829 2058 2869 conten-

77 2893 158 2951 dit
191 2895 490 2952 Bo‘chartus.
573 2898 654 2950 At
690 2893 999 2951 Bochartum
1032 2913 1147 2954 non
1184 2892 1596 2953 contemnendis
1620 2893 1955 2971 argumentis>
1975 2913 2063 2950 rea

75 2973 217 3034 fellit
271 2973 761 3034 Reverendiffimus
799 2978 1093 3056 Stillingflet
1138 2979 1285 3057 Orig.
1325 2981 1466 3032 ἕπον.
1507 2972 1619 3029 Lib.
1656 2992 1703 3028 1.
1734 2977 1856 3054 Cap.
1893 2977 2056 3045 11.§'.

83 3074 164 3120 IV,
261 3064 325 3115 In
366 3080 431 3115 eo
459 3079 585 3115 vero
610 3078 799 3114 omnes
824 3054 1168 3114 consentiunt
1191 3102 1207 3127 ,
1250 3056 1516 3136 insignem
1542 3050 1640 3110 effe
1668 3054 1935 3137 Porphyrii
1958 3076 2064 3134 pa--

73 3137 494 3200 rachronismum
515 3184 531 3210 ,
586 3137 803 3219 quando
839 3138 1233 3197 Semiramidem
1261 3156 1506 3218 tempore
1542 3134 1672 3193 belli
1705 3136 1923 3217 Trojani
1957 3153 2049 3273 altlxt

108 3241 113 3245 ·
1104 3242 1106 3245 ·
1869 3236 1972 3294 pau
2014 3236 2060 3272 o
