2539 3612
440 94 558 159 334
1125 73 1266 131 DE
1346 72 1744 130 DECEM

438 181 650 239 tineat:
693 178 959 257 templum
1001 178 1163 234 etiam
1201 172 1582 232 aedificaturum
1617 169 2117 251 Hierosolymitano
2156 172 2343 254 suppar
2366 179 2422 235 in
2496 239 2500 245 ,

442 280 632 318 monte
672 264 949 326 Gari.zim‚
995 259 1091 336 qui
1132 257 1384 312 imminet
1406 259 1649 311 Samariae
1670 254 1890 333 reliquis
1916 252 2196 310 montibus
2223 257 2420 318 celsior.

441 343 672 399 Dictum
696 339 910 395 factum.
999 335 1315 393 Alexandro
1357 337 1701 413 permittente
1743 331 1999 391 structum
2036 331 2115 390 ibi
2142 333 2425 394 sanfiuari-

445 444 556 478 um.
640 420 905 492 flianaffles
945 415 1263 473 constitutus
1297 417 1569 472 Pontifex,
1656 415 1963 473 Sacerdotes
2003 415 2189 486 multi,
2233 418 2423 475 alieni-

447 521 706 580 genarum
728 498 1016 555 connubiis
1056 499 1342 576 impliciti,
1387 496 1452 553 ad
1481 498 1755 571 Manaffen
1789 495 2131 565 defecerunt,
2175 496 2423 554 Sambal-

444 581 584 637 latho
612 579 883 659 praebente
908 581 982 635 eis
1008 585 1065 636 δε
1089 580 1402 657 pecuniam,
1447 581 1502 633 &
1528 597 1682 656 agros
1707 576 1964 634 colendos
1983 620 1998 644 ,
2041 580 2096 632 &
2119 576 2425 646 domicilia,

441 683 500 718 ac
528 660 704 719 modis
727 659 983 718 omnibus
1006 658 1272 734 adjutante
1297 657 1656 715 ambitionem
1684 659 1887 735 generi.
1975 659 2099 714 Fuit
2121 676 2298 716 autem
2316 702 2332 728 ‚
2362 678 2424 716 ut

440 741 673 799 Hebraea
695 739 939 798 Historia
961 741 1232 819 loquitur,
1265 738 1616 815 sanemarium
1645 736 1780 794 illud
1799 742 1853 794 in
1878 737 2105 820 lapidem
2131 740 2422 819 offi‘nfiom's,

441 834 522 881 (ν’
549 828 605 878 in
620 840 825 905 petram
850 820 1140 899 offendiculi
1166 845 1178 879 :
1223 817 1479 876 structum
1509 821 1657 876 enim
1685 836 1795 875 erat
1820 820 1878 875 in
1905 820 2302 877 aemulationem
2341 839 2423 878 at-

436 924 546 982 que
574 902 832 961 invidiam
856 899 1370 979 Hierosolymitani3
1387 898 1518 957 sicut
1540 901 1675 957 olim
1699 900 1857 957 vituli
1881 901 1940 955 in
1953 902 2082 956 Dan
2101 905 2155 957 &
2170 901 2417 958 Beth-El.

438 985 641 1064 Neque
676 985 927 1041 erraverit
961 980 1206 1061 profe&o
1233 1025 1250 1051 ‚
1295 982 1392 1061 qui
1426 982 1690 1059 templum
1716 977 1850 1036 illud
1873 977 2268 1038 Sichimiticum
2294 1004 2425 1064 azy«

440 1067 550 1122 lum
586 1065 930 1144 appellaverit
963 1062 1227 1120 hominum
1258 1062 1632 1139 sceleratorum.
1717 1064 1955 1130 Etenim,
2000 1060 2150 1139 quod
2173 1059 2423 1145 Jofi’phus

442 1148 722 1204 annotavit
744 1190 760 1215 ‚
791 1147 839 1224 fi
862 1150 977 1223 quis
1004 1143 1141 1226 apud
1169 1143 1612 1224 Hierefisvlymitas·‚
1655 1154 1744 1196 aut
1781 1144 1962 1196 ,illiciti
1989 1140 2093 1197 cibi
2104 1141 2290 1217 signati,
2335 1159 2425 1199 aut

440 1229 634 1283 violati
642 1225 846 1300 sabbati
859 1269 876 1295 ‚
919 1242 1010 1281 aut
1022 1224 1362 1302 fimilisforte
1388 1228 1623 1278 criminis
1650 1243 1764 1278 reus
1788 1238 2019 1301 ageretur
2035 1266 2050 1290 ‚
2094 1222 2167 1279 ad
2178 1222 2424 1279 Sichimi-

439 1324 511 1362 m·
535 1305 886 1386 confugiebat,
929 1308 1248 1362 calumniam
1260 1303 1358 1382 sese
1372 1305 1560 1385 paffmn
1583 1301 1846 1358 diffitam.
1893 1304 2056 1360 Stetit
2079 1321 2256 1360 autem
2285 1321 2425 1360 tem·

438 1390 591 1466 plum
624 1387 756 1445 illud
795 1408 891 1466 per
925 1407 1093 1444 annos
1131 1383 1301 1443 ferme
1337 1384 1597 1441 ducentos
1621 1426 1638 1452 ,
1706 1382 1880 1440 donec
1922 1381 2134 1440 flamma
2169 1381 2423 1464 ferroque

438 1471 681 1551 Hyrcani
706 1467 971 1525 abolitum
998 1465 1089 1522 est.
1174 1464 1381 1548 Jofi’ph.
1409 1467 1606 1543 Antiq.
1641 1462 2045 1547 lib.)<1.cap.v1
2063 1483 2085 1520 1
2106 1465 2422 1524 1.Zemach.

439 1549 712 1631 Davidp.
731 1556 822 1605 26.
849 1546 1227 1627 Juchafinfol.
1252 1565 1339 1623 14.
1354 1547 1508 1601 col.2.

523 1635 619 1689 XI.
665 1631 794 1686 Hoc
824 1628 992 1686 modo
1019 1629 1287 1704 Manaffes
1311 1643 1470 1703 caput
1498 1623 1665 1681 faetus
1694 1622 1771 1680 est
1796 1622 1942 1679 secare
1968 1627 2427 1685 SAMARITANO-

440 1733 576 1768 rum.
664 1708 870 1767 Turbae
905 1706 1145 1764 miscellae
1184 1728 1249 1763 ex
1288 1704 1527 1762 Barbaris
1564 1703 1864 1762 Israelitid'is
1901 1704 2141 1774 coloniS‚
2185 1703 2427 1764 Israelitis

440 1792 676 1870 antiquis
711 1792 808 1870 qui
846 1791 1038 1846 iiscum
1076 1788 1320 1844 coaluere
1345 1831 1360 1856 ‚
1405 1790 1460 1841 &
1492 1785 1693 1860 Judaeis
1717 1786 1928 1864 aliquot
1951 1782 2016 1841 ad
2041 1805 2133 1841 eos
2158 1785 2422 1868 profugis„

443 1879 699 1953 Qorum
730 1871 927 1949 religio
960 1871 1042 1926 uti
1077 1867 1281 1946 aliquid
1318 1890 1382 1925 ex
1405 1887 1533 1925 vero
1559 1868 1716 1925 traxit
1726 1891 1743 1936 3
1787 1869 1860 1923 ita
1884 1871 1939 1922 &
1969 1866 2214 1943 plurimis
2242 1868 2428 1947 inqui-

437 1972 562 2011 nata
600 1951 707 2010 fuit
749 1950 1037 2009 erroribus
1123 1951 1310 2007 Taceo
1348 1948 1412 2006 de
1453 1948 1761 2006 Idololatria
1786 1991 1802 2016 ‚
1847 1952 1901 2003 &
1930 1946 2333 2005 circumcisione
2365 1951 2425 2008 in

440 2037 668 2093 nomine
696 2034 900 2091 montis
917 2037 1158 2092 Gerizim
1175 2076 1191 2102 ,
1236 2031 1299 2088 de
1326 2030 1560 2106 imagine
1585 2026 1814 2084 columba
1837 2029 1895 2084 in
1915 2029 2120 2084 montis
2145 2031 2425 2088 cacumine

442 2118 665 2174 inventa
691 2116 932 2193 Templo
958 2112 1052 2170 suo
1078 2110 1356 2190 imposita,
1401 2130 1457 2166 ac
1488 2108 1735 2188 religiose
1764 2109 1930 2177 culta,
1976 2129 2092 2187 quae
2122 2108 2424 2168 constanter

441 2199 507 2254 iis
533 2219 562 2254 a
582 2197 893 2276 Judaeorum
919 2191 1179 2273 magistris
1204 2189 1518 2270 exprobrata
1543 2191 1863 2246 invenimus,
1910 2187 2141 2245 Fortasse
2159 2192 2307 2246 enim
2323 2213 2419 2260 ‚ex

437 2277 578 2335 odio
616 2278 787 2355 magis
825 2297 986 2354 quam
1012 2295 1076 2331 ex
1102 2293 1262 2342 vero,
1305 2269 1527 2349 posteris
1552 2269 1835 2349 adscripta,
1879 2289 2000 2348 quae
2028 2269 2163 2326 male
2189 2292 2219 2326 a
2239 2291 2428 2349 paren·

445 2356 589 2416 tibus
620 2374 819 2436 patrata
852 2352 1017 2411 filere.
1105 2353 1389 2410 Nimirum
1423 2373 1537 2408 non
1573 2353 1873 2430 incongrue
1906 2352 2150 2407 ‘Samariae
2185 2367 2430 2431 tempora

445 2437 541 2495 sub
581 2435 815 2495 secundo
838 2435 1086 2512 Templo
1123 2434 1359 2512 partiaris
1400 2434 1457 2489 in
1483 2431 1860 2508 Ethnicismum
1895 2453 2019 2489 cum
2043 2433 2220 2511 aliqua
2243 2451 2425 2492 tamen

441 2524 503 2576 »δε
529 2521 722 2599 exigua
742 2515 1017 2597 Judaismi
1050 2517 1280 2572 mixtura
1302 2559 1318 2583 ‚
1363 2532 1484 2571 ante
1523 2513 1807 2571 conditum
1832 2514 2130 2592 Templum
2159 2512 2431 2572 Garizita-

447 2621 611 2658 num:
637 2605 693 2656 &
720 2596 913 2656 exinde
943 2597 1001 2653 in
1027 2596 1465 2672 Samaritzsmum‚
1509 2613 1673 2674 prout
1697 2597 1739 2651 is
1766 2613 1874 2653 erat
1898 2592 2123 2651 secretus
2153 2616 2181 2650 a
2205 2593 2430 2672 Judaijl-

446 2703 529 2737 mo
541 2726 559 2752 ‚
601 2698 816 2738 atreum
850 2697 1032 2736 tamen
1066 2698 1258 2757 magna
1293 2694 1437 2755 parte
1463 2675 1854 2745 mentiebatur,
1896 2696 1960 2732 ex
1990 2696 2100 2755 quo
2126 2678 2431 2754 Manaffi’s,

444 2767 504 2819 v&
529 2783 654 2819 cum
679 2782 746 2818 eo
758 2759 1072 2841 Judaeorum
1090 2756 1343 2827 multi‚se
1369 2760 1605 2838 antiquis
1633 2759 1900 2815 Samaritis
1924 2761 2233 2831 junxerunt.
2261 2759 2428 2815 Tunc

450 2845 600 2902 enim
637 2845 956 2903 samaritica
989 2841 1182 2920 religio
1218 2838 1361 2920 quasi
1385 2839 1519 2916 [effla
1554 2837 1797 2919 quaedam
1832 2836 2076 2919 Judaica
2111 2835 2431 2897 confiderari

449 2925 662 3002 coepit:
705 2924 908 3004 quippe
949 2941 1068 3002 quae
1103 2943 1203 2980 nec
1240 2941 1384 2978 mere
1418 2921 1635 3001 gentilis
1658 2965 1675 2991 ,
1719 2940 1819 2978 nec
1857 2939 1979 2977 vere
2005 2917 2281 2976 Israelitica
2302 2937 2428 2978 erat.

452 3005 594 3065 Non
617 3006 753 3066 male
776 3003 1030 3066 haetenus
1056 3004 1240 3065 auctor
1260 3001 1549 3085 Juchafin:
1568 3001 1626 3061 T
1617 3022 1715 3061 unc
1738 3007 1792 3062 in
1806 3017 1984 3086 partes
2010 3007 2139 3060 itum
2155 2998 2253 3081 est,
2267 2999 2431 3079 Istae·-

2367 3083 2428 3140 li.
