2539 3612
631 81 660 115 a,

638 106 1558 211 ⁶an.111.CAp.X1.
1970 174 2084 234 257

96 261 209 318 ναῖε
233 262 313 337 effe
340 260 586 326 voluerit,
629 273 684 313 ut
709 277 760 311 eo
785 260 952 334 magis
991 258 1233 310 concinne
1259 263 1337 310 (θ’
1371 255 1628 333 eleganter
1652 273 1767 312 cum
1789 258 1968 312 comite
1981 257 2078 331 fica

93 345 329 423 plurali,
375 342 524 395 Urim
549 380 564 406 ‚
610 340 847 415 conjungi
863 337 1037 417 P0ffit3
1080 337 1169 390 vel
1194 333 1325 413 quod
1353 352 1525 390 ament
1551 335 1758 392 Hebraei
1784 357 1891 393 rem
1906 338 2086 415 singu-

101 423 266 478 larem
289 466 306 490 ‚
353 418 619 502 prasertim
649 421 899 471 eximiam
920 459 938 486 ,
997 426 1076 472 (Ὺ
1088 414 1284 492 summo
1322 418 1619 473 excellentia
1636 417 1811 498 gradu
1837 419 2085 500 postiam,

100 521 229 558 voce·
241 501 441 583 plurali
463 501 756 579 exprimere.

187 586 315 640 V11.
358 580 640 634 Nimirum
666 597 730 632 ex
755 594 862 634 arte
893 582 1168 660 Spencerus
1192 578 1333 656 agit3
1379 596 1438 633 ea
1462 578 1698 655 primum
1724 598 1751 633 e
1777 580 2089 658 longinquo

104 660 400 728 ostentam,
445 658 571 715 dein
594 658 700 715 levi
724 676 948 735 tangens
975 680 1169 727 manu,
1213 676 1304 714 aut
1329 656 1465 715 sicco
1491 658 1624 735 pede
1651 658 1930 730 transienS,
1972 680 2092 738 quae

104 742 316 798 traffata
352 736 605 796 nitescere
633 737 777 816 poss'e
803 736 1040 816 desperat
1061 763 1077 808 3
1134 741 1193 794 in
1217 739 1331 795 aliis
1363 783 1379 809 ‚
1423 737 1520 795 ubi
1547 740 1775 818 experiri
1803 742 2093 820 ingenium-

100 838 337 898 poterat‚
383 816 647 876 luxuriose
674 818 928 897 prolixus
1015 819 1077 876 Id
1102 822 1366 897 primum,
1411 825 1652 900 Spencere
1667 865 1683 891 ,
1729 822 1948 899 expedi,
1993 842 2089 878 cur

97 903 281 971 Deus,
324 921 495 981 quum
518 920 713 957 vocem
736 897 955 958 haberet
981 902 1301 980 AEgyptiacae
1327 902 1504 958 exacte
1529 900 1973 980 respondentem,
2017 900 2087 960 ab

97 982 238 1039 illius
275 1003 532 1062 germano
556 979 706 1037 sensu
732 978 1008 1038 defle&ere
1035 983 1284 1039 voluerit.
1372 985 1503 1039 Hoc
1532 981 1570 1038 fi
1596 980 1892 1061 praestiteris
1909 1027 1926 1052 ,
1969 1004 2090 1041 non

101 1062 348 1141 Oedipus
372 1062 508 1120 mihi
541 1061 709 1118 modo
735 1105 751 1129 ,
806 1058 895 1119 sed
920 1067 975 1119 δε
998 1084 1222 1142 magnus
1248 1064 1456 1141 Apollo
1493 1065 1594 1118 eris
1620 1108 1636 1133 ‚
1692 1067 1746 1118 &
1774 1062 1838 1118 de
1875 1080 2085 1120 mutato

99 1145 339 1201 nominis
367 1163 593 1201 numero
621 1140 848 1199 verbum
872 1165 986 1201 non
1010 1143 1211 1202 addam.
1300 1150 1492 1223 Qum
1528 1161 1708 1201 autem
1733 1141 1788 1199 id
1812 1164 1928 1200 non
1952 1163 2086 1222 prae-

56 1271 75 1291 ‚
99 1222 322 1290 stiteriS,
365 1227 478 1281 imo
493 1268 509 1293 ‚
555 1222 705 1301 quod
729 1220 916 1294 sciam,
963 1245 1029 1281 ne
1055 1225 1276 1303 quidem
1301 1242 1522 1282 conatus
1547 1223 1638 1294 fis,
1683 1226 1957 1302 integrum
1978 1246 2089 1282 no-

98 1301 180 1360 bis
207 1306 307 1359 erit
329 1308 384 1358 δε
408 1305 599 1358 mutati
624 1304 837 1357 numeri
858 1307 1091 1362 rationes
1116 1305 1181 1363 ad
1208 1326 1430 1363 examen
1454 1325 1720 1362 revocare.
1806 1309 1862 1363 Si
1886 1311 2087 1384 AEgyp-

99 1386 303 1442 tiorum
327 1403 559 1451 nomen,
605 1401 704 1459 pzro
733 1402 844 1458 quo
883 1382 1064 1438 Graeci
1107 1384 1367 1446 Ἀλήθειαν
1397 1385 1605 1451 dixere,
1660 1385 1868 1462 pridem
1896 1388 2090 1464 periit;

101 1486 214 1544 quo
245 1462 507 1543 Magistro
532 1480 592 1519 tu
612 1506 628 1530 ,
682 1466 922 1544 Spencere
944 1505 960 1531 ‚
1006 1462 1312 1542 cognovisti
1338 1464 1534 1541 plurale
1562 1465 1694 1521 illud
1719 1464 1902 1523 fuiffe?
1946 1468 2018 1523 Et
2047 1467 2087 1525 si

100 1562 478 1603 ornamentum
503 1541 639 1600 istud
665 1560 850 1599 natura
876 1586 892 1611 ,
932 1540 1123 1600 officio
1139 1587 1156 1614 ‚
1199 1547 1255 1600 ὃς
1278 1542 1404 1612 usu,
1459 1540 1523 1599 ab
1548 1545 1697 1600 Urim
1721 1543 1886 1602 fuerit
1910 1546 2088 1603 diver-

103 1625 250 1695 sum,
291 1646 386 1682 cur
407 1622 609 1681 neceffe
624 1622 731 1680 fuit
754 1640 815 1679 ut
841 1626 1080 1681 nominis
1108 1646 1335 1682 numero
1362 1626 1414 1681 ei
1436 1628 1779 1702 jungeretur?
1823 1627 2089 1706 Denique

106 1729 277 1786 quum
301 1723 492 1762 caeterae
506 1701 786 1761 Pontificii
809 1721 1025 1759 ornatus
1039 1723 1209 1781 partes
1235 1702 1538 1782 speciesque
1563 1726 1677 1762 non
1704 1708 1881 1770 minus
1906 1708 1965 1765 in
1990 1706 2085 1766 suo

102 1796 302 1869 genere
339 1786 546 1843 eximiae
570 1784 771 1841 fuerint
795 1826 811 1848 ,
870 1781 1082 1841 edissere
1111 1783 1289 1865 quaeso
1317 1784 1391 1841 ob
1428 1806 1591 1864 quam
1624 1807 1739 1844 rem
1762 1809 1876 1846 non
1904 1809 2087 1848 earum

102 1889 329 1948 quoque
353 1866 568 1945 singulae
591 1883 681 1921 aut
705 1865 894 1943 aliquae
920 1861 1102 1922 saltem
1130 1888 1193 1923 ex
1221 1864 1648 1944 praestantiffimis
1672 1910 1688 1936 ‚
1742 1870 1956 1945 pluralis
1981 1893 2087 1929 nu·-

104 1951 242 2007 meri
274 1949 496 2007 nomine
539 1963 876 2023 exponantur
898 1987 914 2013 ‚
971 1943 1009 2001 sl
1034 1948 1077 2002 is
1103 1967 1358 2004 numerus
1380 1945 1444 2003 ad
1467 1945 1620 2021 hujus
1644 1947 1995 2026 praestantiam
2019 1950 2087 2009 fi-

104 2028 464 2110 gnificandam
489 2027 651 2083 elecie
677 2023 944 2082 adhibitus
966 2024 1076 2082 est?
1103 2027 1288 2086 Viden
1312 2048 1457 2085 nunc
1482 2050 1643 2107 quam
1667 2029 1926 2089 caffaeistae
1951 2053 2088 2090 con-

102 2113 310 2188 jecturae
327 2128 429 2168 tuae
452 2107 581 2178 sint,
625 2128 752 2187 quas
777 2125 875 2185 pro
899 2101 1079 2163 solidis
1102 2107 1402 2165 rationibus
1428 2107 1704 2167 venditas?

188 2197 243 2251 V
259 2200 283 2251 1
300 2198 324 2249 Ι
341 2196 382 2247 Ι.
439 2188 543 2248 Sed
581 2210 679 2246 nec
702 2187 1129 2245 denominationis
1177 2190 1314 2245 ratio
1340 2187 1540 2245 eadem.
1609 2191 1724 2247 Cur
1751 2193 1837 2249 illa
1860 2236 1876 2262 ‚
1920 2214 2086 2273 quam

108 2275 324 2331 Bullam
351 2289 509 2329 vocat
534 2275 804 2352 Spencerus
830 2313 851 2340 ‚
903 2271 1203 2349 AEgyptiaci
1226 2268 1510 2327 Pontificis
1544 2268 1646 2327 five
1671 2291 1886 2350 gemma
1909 2315 1925 2342 ‚
1980 2273 2090 2331 five

105 2373 444 2434 gemmarum
468 2353 745 2430 congeries
760 2395 775 2421 ,
815 2350 1043 2415 Ἀλήθεια
1071 2351 1211 2410 dicta
1234 2348 1374 2409 fuit?
1408 2350 1504 2407 Ni
1528 2370 1660 2409 vana
1686 2355 1931 2412 eAEliano
1957 2353 2092 2412 fides

112 2433 190 2492 est
214 2476 234 2507 ,
288 2435 415 2515 quia
439 2453 662 2513 gemma>
690 2431 775 2490 isti
798 2433 1125 2511 insculptum
1147 2432 1254 2493 hoc
1279 2453 1485 2490 nomen
1508 2450 1633 2490 erat.
1721 2433 1786 2492 Id
1810 2436 1959 2492 enim
1983 2433 2093 2493 haec

105 2514 268 2596 ipfius
282 2513 705 2573 verbainnuunt.
729 2515 862 2590 Ἐγώ
889 2516 944 2571 δὲ
968 2517 1101 2584 η’ξίειν
1127 2514 1197 2592 μή
1222 2511 1336 2570 λίθε
1361 2512 1682 2589 πεποιεμένην
1710 2541 1794 2587 ’OEU
1813 2519 2099 2592 ἐικοισμὲνην

106 2598 194 2660 τὴν
221 2596 462 2661 α’λήθειαν
477 2598 749 2673 περιφὲξειν
778 2596 854 2654 τᾶν
881 2595 1105 2666 Anausin,
1133 2596 1313 2656 oe'M'bv
1332 2598 1478 2674 ,αἲυτῇ
1500 2602 1565 2673 τῇ·
1588 2595 1742 2674 ψυχῇ
1764 2599 1896 2669 ἔχειν
1919 2596 2092 2662 αὐτὴν.

108 2683 254 2759 Ergo
272 2699 391 2734 vero
402 2676 634 2758 judicem
660 2696 759 2731 non
788 2693 894 2734 tam
918 2681 972 2734 in
997 2677 1171 2762 lapide
1193 2677 1449 2761 sculptam
1484 2694 1575 2733 aut
1603 2679 1868 2760 expressam
1890 2683 2096 2734 verita·-

105 2775 211 2816 tem
235 2760 586 2834 circumferre,
615 2778 770 2836 quam
796 2763 850 2813 in
872 2763 1042 2815 animo
1073 2777 1330 2839 menteque
1355 2760 1556 2837 infitam
1572 2771 1649 2815 (φ
1675 2757 1892 2836 infixam
1914 2757 2095 2815 habere

110 2842 291 2898 velim.
373 2839 671 2897 Thummim
693 2857 871 2896 autem
895 2838 962 2896 s1c
988 2838 1126 2897 dieta
1149 2838 1279 2910 esse,
1324 2842 1451 2920 quia
1476 2859 1702 2918 gemmae
1723 2839 1880 2895 alicui
1907 2839 1963 2897 id
1987 2861 2096 2896 no-

103 2941 241 2979 men
276 2920 596 2998 insculptum
633 2936 743 2976 erat
765 2963 781 2989 ,
838 2919 1381 2984 SANCTITAS
1425 2920 1855 3000 JEHOVAE,
1912 2941 2093 3000 neque

109 3004 380 3081 Scriptura
404 3002 562 3070 dicit,
606 3021 783 3079 neque
807 3001 944 3057 ratio
969 2999 1174 3071 suadet,
1205 3023 1395 3081 neque
1420 3007 1691 3084 Spencerus
1713 3001 1860 3058 velit.

187 3088 284 3148 IX.
325 3085 585 3165 Denique
613 3086 668 3141 &
691 3081 775 3161 ufh
792 3086 1174 3167 aegyptiorum
1198 3083 1431 3223 Ἀἒήθεια
1457 3081 1520 3142 ab
1545 3079 1871 3145 Hebraeorum
1891 3081 2090 3141 Thum-

1187 3164 1243 3224 K
1963 3166 2092 3221 mim
