2539 3612
384 215 515 289 2194
696 179 704 193 i
916 204 1911 261 AEGYPTIACORUM

387 309 472 376 bis
500 306 809 368 faciendum
837 350 852 375 ‚
897 306 1033 383 quin
1058 320 1293 359 accurate
1322 300 1649 356 excutiamus
1676 342 1691 366 ‚
1736 317 1915 355 utrum
1941 296 2157 376 probari
2184 298 2378 377 possit,

383 397 480 474 pia
521 403 599 448 (γ’
634 386 926 445 laudabilia
964 384 1341 463 AEgyptiorum
1380 381 1610 457 instituta
1650 378 2009 436 Hebraeorum
2032 379 2096 435 de
2121 383 2379 459 Relzgione

392 471 584 550 legibus
607 468 884 546 vetustiora
909 487 938 539 ς
964 487 1003 520 e.
1093 464 1153 521 Id
1183 463 1403 542 quidem
1428 483 1627 540 magno
1657 462 1919 538 imprimis
1945 463 2127 518 animo
2153 461 2388 520 afferunt·

390 554 493 609 viri
518 549 713 606 eruditi
738 575 755 618 3
799 547 886 605 sed
910 591 926 615 ‚
970 544 1069 602 nifi
1095 567 1180 602 me
1206 543 1340 601 fallit
1362 543 1652 618 judicium,
1698 541 1951 598 tenuibus
1974 542 2266 601 admodum
2293 545 2381 601 in-

390 629 680 709 validisque
707 625 1007 686 rationibus
1035 628 1276 683 affertum
1300 624 1450 681 suum
1475 623 1741 680 addicunt.
1773 621 1867 678 Est
1889 623 1997 680 haec
2022 623 2381 683 controversia

389 733 454 768 ex
479 732 658 767 earum
685 707 1043 791 quaestionum
1065 729 1261 787 genere
1294 728 1408 786 quae
1435 728 1608 785 quum
1631 707 1687 760 in
1713 703 1863 760 faffis
1891 703 2178 762 consistant
2202 750 2218 774 ,
2263 727 2380 764 non

393 790 577 848 subtili
604 793 778 872 aliqua
803 790 1215 848 ratiocinatione
1241 833 1257 858 ‚
1299 806 1395 845 aut
1414 786 1597 844 audaci
1620 784 1977 842 hariolatione
1999 830 2014 854 ,
2055 786 2143 843 sed
2169 785 2381 844 idoneis

394 870 615 940 testibus
640 917 655 940 ‚
700 876 796 952 qui
831 874 916 928 vel
951 869 1050 948 ipsi
1090 890 1149 926 ea
1183 887 1330 926 aetate
1355 871 1644 936 vixerunt,
1688 868 1773 923 vel
1798 869 1848 923 ei
1871 869 2107 945 proximi
2131 866 2390 940 fuerunt,

393 971 485 1011 aut
531 951 619 1010 sua
669 952 850 1010 saltem
886 973 949 1009 ex
984 948 1178 1007 talibus
1213 949 1321 1007 fine
1356 946 1717 1008 fabulosarum
1750 952 2116 1006 narrationum
2152 950 2383 1007 mixtura
2464 1017 2467 1020 ,

393 1031 678 1092 hauserunt
702 1080 718 1105 ‚
775 1030 1118 1112 comprobari
1156 1028 1370 1088 debent.
1459 1036 1757 1109 Qumque
1782 1052 1842 1086 ea
1864 1052 1944 1086 res
1967 1032 2152 1108 magni
2177 1033 2234 1088 in
2259 1033 2383 1088 reli-

396 1117 565 1196 gione
590 1114 834 1173 universa
857 1116 1127 1175 momenti
1154 1110 1216 1168 fit
1241 1156 1257 1181 ‚
1302 1114 1446 1168 vitio
1466 1111 1626 1167 nobis
1652 1112 1787 1166 verti
1813 1133 1928 1167 non
1958 1109 2149 1179 debet,
2193 1110 2231 1166 fi
2254 1110 2385 1168 soli*

386 1192 463 1265 'da
493 1199 840 1281 animumque
866 1195 1248 1254 convincentia
1271 1191 1623 1250 desideremus
1646 1207 1959 1270 argumenta
1981 1235 1999 1261 ,
2042 1211 2220 1269 neque
2245 1193 2382 1249 levi-

397 1280 530 1339 culis
567 1277 885 1358 quibusdam
921 1275 1241 1348 conje&uris
1274 1294 1391 1330 eam
1416 1270 1700 1330 transmitti
1724 1273 2001 1350 patiamur.
2086 1272 2382 1331 Videamus

394 1361 578 1439 itaque
602 1382 741 1441 quos
764 1357 918 1416 testes
942 1355 1151 1416 laudare
1177 1355 1279 1412 viri
1304 1351 1618 1411 Doctiffimi
1639 1351 1856 1430 possint.

404 1497 411 1502 ,
480 1448 551 1500 Π.
599 1440 884 1520 Qicquid
918 1440 983 1498 de
1025 1436 1261 1516 antiquis
1292 1440 1451 1517 eAEgy
1488 1431 1951 1490 tiorum-institutis
1976 1431 2167 1491 scimus
2190 1478 2205 1503 ‚
2261 1433 2300 1491 si
2323 1456 2383 1495 ea

399 1521 578 1581 demas
603 1544 720 1601 quae
745 1543 809 1578 ex
835 1519 986 1577 sacris
1008 1516 1203 1576 nostris
1231 1514 1409 1571 edocti
1457 1536 1610 1571 umus
1635 1518 2005 1572 monumentis
2028 1561 2044 1585 ‚
2101 1514 2156 1572 id
2179 1512 2289 1573 fere
2317 1538 2380 1574 ex

397 1606 572 1662 Dione
597 1603 755 1680 Caffio
771 1647 787 1672 ‚
830 1605 1092 1668 Luciano,
1118 1595 1426 1665 Plutarch,
1451 1594 1722 1666 Strabone,
1750 1596 1980 1653 Diodoro
2006 1599 2176 1652 Siculo
2194 1642 2209 1666 ‚
2243 1597 2384 1655 Chae-

398 1705 627 1753 remane,
661 1682 965 1752 -Ηενοάοιο,
1004 1698 1092 1738 aut
1131 1676 1477 1736 Manethonis
1513 1682 1568 1732 &
1602 1676 2034 1749 Sanchuniatonis
2067 1675 2381 1754 fragmentis

400 1766 687 1823 collectum
712 1763 801 1821 est.
850 1764 952 1821 Sed
976 1763 1152 1819 nullus
1175 1759 1371 1815 horum
1396 1759 1648 1812 omnium
1673 1757 1815 1812 illius
1842 1758 2179 1834 antiquitatis
2198 1759 2395 1816 aneio-⁷

402 1844 673 1926 ritatisque
699 1843 773 1900 est
797 1889 813 1914 ,
857 1861 920 1901 ut
941 1888 957 1913 ‚
1002 1863 1117 1899 non
1142 1840 1315 1897 dicam
1338 1836 1554 1893 homini
1578 1834 1828 1908 moroso,
1870 1835 1960 1896 sed
1983 1838 2072 1896 vel¹
2094 1837 2396 1897 mediocri-w

402 1942 484 1982 ter
507 1926 788 2004 prudenti,
834 1944 989 1983 tantae
1016 1919 1285 1981 vetustatis
1310 1917 1478 1977 fidem
1500 1915 1673 1976 faciat.

483 2013 580 2065 111.
626 2009 700 2064 Et
731 2009 1052 2065 DIONEM
1092 2003 1317 2084 quidem
1353 2002 1684 2079 CAssluM
1720 1999 1871 2079 quod
1904 2002 2094 2058 attinet
2120 2045 2135 2070 ‚
2183 2001 2387 2063 is-seror

401 2087 696 2147 admodum
718 2132 735 2158 ‚
779 2092 973 2146 Marci
1011 2089 1283 2144 Antonini
1302 2079 1591 2163 Philofhphz?
1615 2098 1762 2137 aetate
1789 2126 1804 2150 ,
1847 2087 1902 2138 δε
1925 2079 2018 2154 sub
2046 2086 2240 2139 Marci
2262 2083 2379 2142 filio

404 2170 701 2240 Commodo,
745 2166 1112 2248 proximisque
1144 2158 1557 2242 imperatoribus
1584 2164 1747 2232 vixit,
1779 2165 2052 2237 Senatoria
2075 2181 2205 2221 tunc
2230 2168 2382 2244 gavi-

405 2247 491 2308 sus
513 2251 798 2332 dignitate.
821 2250 916 2308 Ab
943 2246 1257 2306 Alexandro
1282 2249 1562 2302 Mammea
1584 2240 1700 2300 filio
1714 2243 1782 2301 ad
1791 2242 2125 2301 consulatum
2138 2243 2391 2304 fuit-eve*

409 2332 555 2401 ctus,
571 2351 887 2411 quemcum·
910 2328 1026 2407 ipso
1053 2335 1378 2406 Imperatore
1402 2323 1740 2405 geffit,anno
1765 2324 1938 2384 Urbis
1965 2331 2379 2388 Ioccccnxxxn

407 2412 483 2468 Et
517 2412 581 2471 ad
613 2413 757 2470 hunc
791 2409 959 2491 usque
996 2408 1372 2467 Alexandrum
1394 2405 1674 2464 historiam
1688 2406 1832 2464 suam
1858 2406 2123 2486 perduxit.
2209 2415 2380 2468 Porro

407 2494 664 2573 exiguum
699 2492 992 2551 admodum
1024 2489 1101 2548 est
1131 2489 1281 2571 quod
1314 2511 1378 2547 ex
1412 2492 1587 2546 Dione
1619 2510 1719 2568 pro
1755 2486 1807 2546 se
1841 2490 1944 2546 viri
1978 2487 2173 2545 eruditi
2195 2488 2382 2568 profe—

400 2593 556 2645 runt3
600 2575 654 2634 id
680 2577 968 2643 nimirum,
995 2572 1146 2652 quod
1168 2572 1278 2631 dies
1303 2571 1538 2650 singulos
1561 2572 1788 2648 planetis·
1807 2568 2056 2650 affignare
2083 2575 2381 2656 &Egyptia-

404 2676 518 2712 rum
553 2659 835 2715 inventum
869 2654 946 2712 fit.
1002 2654 1142 2715 vid.
1169 2653 1306 2732 supr.
1333 2651 1421 2709 lib.
1456 2673 1502 2708 1.
1529 2671 1641 2735 cap.
1665 2672 1758 2709 v1.
1784 2653 1831 2731 §.
1858 2671 1923 2708 v1
1942 2672 1990 2707 1.
2075 2653 2165 2707 De
2192 2675 2298 2732 qua
2319 2673 2376 2711 re

406 2735 541 2794 mihi
566 2738 788 2819 quidem
814 2738 1049 2794 altercari
1075 2757 1191 2792 non
1215 2733 1381 2791 lubet.
1428 2736 1627 2791 Cicum
1644 2754 1767 2790 vnon
1792 2732 2100 2790 interduim.
2127 2785 2131 2787 Δ
2378 2784 2380 2787 .

485 2823 585 2878 IV.
630 2817 883 2896 Ejusdem
918 2819 1014 2875 aevi
1046 2821 1433 2876 LuclANus
1467 2813 1542 2872 est
1566 2859 1582 2885 ‚
1627 2819 1681 2870 ὃ(
1719 2811 1813 2870 sub
1851 2817 2047 2871 Marco
2072 2817 2387 2885 Antonino,

405 2904 459 2955 δε
482 2899 602 2978 post
626 2924 751 2959 eum
778 2902 940 2959 vixit:
965 2900 1165 2980 quippe
1191 2900 1287 2978 qui
1311 2898 1621 2954 meminerit
1644 2893 1774 2956 belli
1796 2918 1824 2952 a
1847 2898 2048 2952 Marco
2069 2917 2193 2953 cum
2204 2898 2377 2954 Mar*

406 2988 666 3039 eomannis
688 2989 743 3040 &
767 2980 977 3064 Qadis
997 2978 1130 3061 gesti
1150 3024 1166 3049 ‚
1210 2984 1265 3035 &
1291 2984 1548 3036 Marcum
1571 2981 1779 3034 Divum
1800 2995 2004 3046 vocet3.
2030 2976 2179 3057 quod
2200 2977 2377 3055 arguit

409 3080 605 3121 naturae
629 3063 818 3129 ceffiffe
842 3085 900 3120 ac
923 3064 1163 3120 locatum¹
1182 3057 1332 3118 ffiiffc
1359 3063 1517 3118 coelo.
1558 3060 1631 3116 Et
1655 3078 1770 3139 quae
1796 3058 1860 3115 de
1890 3063 2178 3143 eAEgyptiis
2199 3074 2374 3114 narrat

408 3142 475 3202 m
504 3147 623 3205 Deae
657 3150 808 3226 *syria
839 3145 1044 3218 initio,
1088 3164 1148 3203 ea
1173 3163 1350 3223 neque
1373 3136 1715 3203 affever‘anter
1739 3140 1925 3211 tradit,
1956 3145 2024 3198 ’δε
2048 3157 2224 3221 aperte
2234 3136 2374 3278 sfalsa

2258 3237 2372 3278 unte
