2539 3612
637 175 687 231 L
737 189 760 228 1
813 172 991 230 1³.11.
1081 166 1132 225 C
1176 186 1220 227 A
1264 186 1316 225 P.
1370 169 1517 227 XII.
1977 193 2085 252 152²

181 279 391 336 XVIII.
449 276 721 332 Caeterum
755 291 869 327 non
907 267 982 325 est
1016 266 1125 324 haec
1161 269 1320 325 unica
1345 267 1616 348 responsio
1647 290 1751 350 qua
1776 270 2083 346 objefflun-

98 359 226 416 culae
251 361 330 416 illi
357 355 574 415 obviam
600 355 675 411 ire
700 353 981 410 valeamus.
1027 348 1090 409 Id
1112 349 1354 409 addimus
1381 377 1396 422 3
1440 351 1579 411 nihil
1605 352 1704 412 effe
1730 353 1931 413 necesse
1956 400 1972 425 ,
2020 374 2080 415 ut

93 440 495 519 praediffionem
523 436 588 495 de
614 436 844 492 carentia
867 432 1044 490 statuae
1068 438 1124 490 &
1145 431 1462 514 Theraphim
1487 431 1773 491 referamus
1787 434 1850 492 ad
1863 442 2078 491 commi-

90 528 363 577 nationem.
419 520 498 575 Ea
521 517 724 598 quippe
750 537 866 595 quae
889 515 1150 573 vaticinio
1175 513 1281 570 hoc
1306 517 1657 573 continentur
1680 519 1837 573 mixti
1860 519 2074 597 generis

91 601 239 670 sunt3
281 602 474 678 partim
499 597 674 668 bona,
702 599 898 675 partim
922 598 1072 653 mala.
1116 593 1281 651 Nihil
1303 592 1421 652 sane
1447 599 1571 653 mali
1598 600 1872 655 ominatur
1898 605 1920 655 Ι
1928 598 2072 656 sra'e'li

86 684 268 750 DeUS‚
315 702 484 760 quum
509 680 669 748 dicit,
702 700 800 734 non
814 676 1130 753 ftortaberis.
1176 677 1260 732 Illi
1285 694 1464 733 autem
1489 677 1822 755 praediRioni
1848 678 2073 759 respon-

84 761 176 820 det
197 760 305 819 haec
328 806 345 831 ,
387 759 574 838 sedebis
586 763 697 840 stne
707 760 885 838 statua
909 771 989 817 (γ
1010 756 1344 841 Theraphim.
1399 757 1608 816 Miserae
1632 777 1733 816 tuae
1758 761 2068 820 conditioni

82 840 188 900 hoc
215 843 382 902 aderit
405 842 543 900 boni
567 888 584 912 ,
641 840 793 922 quod
815 863 844 898 a
868 839 1021 898 craffa
1045 840 1347 899 idololatria
1371 885 1386 911 ‚
1444 845 1500 898 &
1528 843 1665 898 avita
1692 840 2067 922 superstitione

80 945 269 1003 puram
292 943 345 982 te
368 923 611 982 servabis.

159 1010 307 1065 XIX.
355 1012 492 1087 Qae
514 1004 795 1085 supersunt
814 1009 1053 1089 Spenceri
1075 1001 1547 1061 observatiunculae
1563 1048 1580 1075 ,
1608 1004 1646 1063 fi
1671 1004 1759 1062 sua
1782 1004 1878 1085 ipsi
1904 1006 2066 1066 verba

76 1086 294 1146 reddere
319 1089 503 1158 liceat,
537 1091 723 1169 pluma
751 1100 828 1146 ΟΝ
843 1088 1118 1170 palearum
1141 1087 1283 1163 caffis
1309 1088 1527 1142 leviores
1553 1084 1706 1143 sunt:
1740 1107 1802 1143 ex
1834 1087 2061 1168 quibu3‚

75 1166 113 1224 fi
138 1174 428 1249 quicquam
444 1211 463 1243 9
490 1168 628 1225 nihil
656 1187 796 1225 certe
821 1169 1048 1245 amplius
1075 1166 1327 1225 conficias
1343 1212 1356 1235 ,
1388 1189 1551 1246 quam
1577 1189 1676 1246 pro
1701 1162 2060 1228 Diviniffimo

75 1249 225 1305 Urim
248 1249 573 1308 sacramento
601 1246 990 1328 superstitiosos
1014 1249 1299 1328 Apostatas
1314 1247 1629 1306 substituisse
1641 1248 1956 1332 Theraphim
1970 1276 1985 1320 3
2002 1270 2064 1309 ut

71 1351 244 1409 quum
271 1352 330 1386 ea
354 1351 409 1386 re
434 1329 876 1398 destituerentur,
919 1352 1015 1407 per
1040 1353 1203 1410 quam
1229 1333 1439 1388 oracula
1464 1327 1725 1387 fundebat
1749 1334 1928 1396 DeuS,
1976 1335 2062 1389 vi—

69 1412 268 1467 carium
307 1409 511 1488 aliquid
544 1408 806 1466 haberent
829 1453 846 1476 ‚
901 1413 988 1464 cui
1024 1410 1072 1464 se
1109 1412 1173 1466 ad
1194 1410 1452 1467 fallaciam
1476 1417 1531 1467 δι’
1558 1411 1764 1469 fraudes
1790 1412 2061 1470 immisce-

65 1510 188 1549 tent
210 1512 444 1570 nequam
458 1489 688 1569 spiritus.
775 1490 979 1570 Neque
1006 1487 1212 1545 inficias
1249 1492 1387 1545 imus
1412 1533 1428 1558 ‚
1471 1491 1622 1568 quod
1647 1492 1803 1548 sicuti
1841 1496 1897 1550 in
1923 1514 2059 1553 vero-

66 1572 180 1628 D‘ei
205 1574 352 1631 cultu
362 1572 707 1648 sacerdotium
733 1616 749 1642 ‚
795 1577 850 1628 &
876 1572 1078 1628 Altare
1104 1615 1121 1639 ‚
1166 1575 1221 1627 δέ
1245 1570 1427 1653 Ephod
1450 1576 1505 1627 δε
1531 1573 1682 1627 Urim
1698 1617 1713 1641 ‚
1759 1592 1916 1653 atque
1946 1576 2056 1634 haec

67 1653 290 1732 quidem
304 1656 698 1734 quammaxime
713 1699 728 1724 ‚
744 1672 891 1711 certo
906 1652 1145 1734 quodam
1168 1654 1447 1732 religionis
1461 1674 1605 1710 nexu
1632 1656 1917 1726 conjunffiti
1935 1655 2058 1713 fue-

64 1755 122 1790 re
147 1778 164 1803 ,
219 1737 292 1792 ita
325 1741 381 1792 δε
424 1737 483 1792 in
520 1757 586 1791 eo
624 1737 773 1792 c'ultu
811 1737 907 1814 qui
942 1756 1131 1791 verum
1169 1732 1533 1792 mentiebatur
1557 1779 1572 1803 ‚
1626 1735 1692 1792 ad
1726 1737 1866 1792 illius
1896 1736 2056 1795 instar

64 1814 473 1895 quodammodo
497 1814 857 1894 compositus,
896 1813 1224 1872 necesfitudo
1251 1815 1491 1895 quaedam
1517 1815 1683 1873 fuerit
1706 1819 1848 1875 inter
1872 1817 2056 1877 idolo-

60 1898 306 1955 latricum
341 1896 522 1980 Ephod
555 1903 609 1954 ἅτ
635 1896 912 1955 maledie'ta
935 1895 1264 1976 Theraphim.
1355 1903 1494 1973 Qlae
1519 1920 1688 1977 quum
1714 1899 1770 1956 id
1796 1898 1891 1956 fibi
1915 1922 2057 1979 prae-

61 1975 192 2036 stare
227 1978 501 2036 crederent
538 1978 834 2035 Idololatrae
874 1977 1024 2058 quod
1058 1980 1209 2033 Urim
1244 1978 1380 2035 olim
1415 1978 1697 2049 Israelitis3
1753 1979 1879 2038 hinc
1916 2003 2048 2060 pro—

61 2078 181 2136 pter
216 2058 367 2117 istam
400 2066 603 2136 μίμησιν
638 2081 666 2114 a
703 2078 812 2116 Lxx
848 2081 983 2117 voce
1022 2058 1180 2122 δήλων
1205 2104 1221 2129 ,
1277 2057 1341 2116 ab
1383 2063 1598 2140 Aquila
1625 2068 1680 2118 ὃς
1705 2061 2057 2121 Theodotione·
2141 2125 2146 2129 ,

61 2160 196 2198 voce
236 2142 489 2214 φωἹισμῶν
527 2139 701 2198 efferri
735 2140 823 2198 hic
861 2160 1174 2219 potuerunt.
1271 2147 1603 2221 Qanquam
1638 2141 1817 2199 nostra
1855 2167 2043 2222 parum

58 2221 278 2280 interest
305 2225 577 2303 inquirere
601 2266 617 2291 ‚
663 2222 795 2301 quid
818 2224 1135 2301 interpretes
1160 2220 1287 2278 istos
1314 2225 1579 2292 moverit,
1623 2243 1684 2280 ut
1710 2221 1852 2281 secus
1879 2248 2049 2304 quam*

60 2299 236 2360 solent
259 2326 464 2361 nomen
487 2303 802 2386 Theraphim
823 2301 930 2361 hoc
957 2307 1082 2360 loco
1107 2306 1598 2380 interpretarentur.
1686 2306 1874 2361 Deum
1900 2325 2042 2364 certe

59 2404 155 2462 per
190 2384 506 2468 Theraphim
543 2382 695 2442 suum
729 2384 817 2443 hic
840 2388 993 2441 Urim
1017 2384 1327 2443 intell'exiffe
1352 2430 1368 2454 ,
1426 2384 1482 2443 id
1506 2407 1574 2442 ne
1599 2406 1793 2442 omnes
1819 2387 2045 2465 quidem

57 2471 296 2548 Spencerz'
317 2465 543 2524 fidiculae
569 2488 632 2522 ex
657 2466 825 2544 Hofirae
848 2469 1107 2525 vaticinio
1136 2464 1470 2523 extorserint.

139 2552 260 2606 XX.
308 2550 498 2605 Minus
522 2545 690 2606 adhuc
715 2549 938 2627 praefidii
963 2552 1020 2606 in
1046 2549 1286 2605 Gideonbs
1310 2547 1557 2606 Historia
1580 2548 1680 2606 esta
1713 2548 1837 2630 Jud.
1864 2571 1929 2607 v1
1949 2571 1971 2607 1
1992 2572 2037 2609 Ι.

60 2649 89 2685 2
100 2649 151 2698 7,
178 2629 301 2687 Ubi
323 2630 526 2712 Ephodi
542 2628 762 2709 quidem
774 2675 789 2700 ‚
805 2629 892 2688 sed
904 2632 1050 2689 nulla
1063 2639 1152 2687 τῶν
1170 2633 1321 2687 U'rim
1332 2676 1348 2701 ‚
1364 2652 1540 2710 neque
1553 2630 1868 2714 Theraphim
1879 2654 2052 2691 mene--

54 2713 156 2768 tio.
204 2712 265 2770 Id
290 2712 512 2793 quidem
538 2710 766 2769 fatemur
789 2711 1082 2771 admodum
1105 2711 1202 2770 effe
1229 2711 1508 2792 probabile
1533 2758 1549 2783 ‚
1594 2735 1709 2770 non
1736 2711 1910 2769 solum
1933 2718 2032 2771 ali-

55 2791 208 2872 quod
230 2791 544 2851 sacerdotale
568 2794 857 2850 amiculum
881 2815 908 2850 a
932 2795 1193 2853 Gideone
1218 2793 1531 2852 confeffitum
1555 2794 1654 2851 effe
1678 2819 1695 2864 ;
1740 2795 2026 2871 quomodo

52 2877 202 2932 enim
235 2878 374 2930 mille
411 2876 937 2958 &ftptingentz‘ficli
957 2882 1073 2932 auri
1098 2921 1114 2946 ,
1160 2876 1215 2934 id
1240 2874 1314 2933 est
1337 2922 1353 2947 ‚
1400 2898 1463 2932 ex
1488 2874 1865 2953 supputatione
1894 2875 2026 2935 Viri

50 2955 579 3039 Do&i‚sbptuaginta
595 2957 717 3039 plns
740 2961 908 3011 minus
933 2964 1052 3013 auri
1073 2956 1236 3029 libra,
1253 2955 1501 3036 impensae
1527 2954 1743 3013 fuiffent
1766 2959 1863 3013 uni
1888 2960 2026 3015 arni-

50 3038 210 3095 culo?
239 3037 516 3095 Credibile
541 3040 720 3117 itaque
746 3035 848 3106 est,
877 3042 932 3093 &
956 3039 1055 3094 alia
1078 3036 1228 3095 fuisse
1255 3039 1430 3097 addita
1454 3038 1517 3095 ad
1541 3055 1847 3116 apparatum
1874 3040 2027 3098 illum

50 3117 282 3190 sacrum,
297 3142 410 3200 quo
435 3121 753 3179 memoriam
775 3119 975 3179 Divini
997 3117 1251 3177 beneficii
1276 3118 1538 3179 celebrare
1562 3118 1762 3181 Gidcon
1779 3117 2035 3178 instituit‚.

1765 3204 2041 3260 Attamen
