2539 3612
670 137 716 193 L
759 155 780 194 1
823 154 876 194 B.
921 134 1041 189 111.
1127 128 1266 189 CA
1310 147 1359 188 Ρ.
1403 131 1590 186 ΧΙΙῙ.
2005 154 2117 211 279

10 275 11 306 ι
196 242 315 300 XV
333 245 356 299 I
374 245 413 299 1.
469 247 639 300 Porro
672 237 823 318 quod
862 258 924 293 ex
949 231 1165 316 Josepho
1190 231 1423 307 objectat
1448 231 1799 291 Marshamus
1824 278 1840 305 ‚
1893 256 1992 290 non
2016 237 2115 294 ha«-

6 319 11 384 ξ
115 317 257 395 baisse
317 322 505 378 >sudam
527 341 640 376 cum
676 322 802 375 aliis
840 313 1131 372 nationibus
1165 314 1563 389 consuetudinem
1590 359 1605 386 ‚
1668 332 1745 373 (φ
1763 333 1970 399 propter
1987 337 2109 398 pro-

7 390 9 415 ³
105 407 287 482 priam
297 403 398 480 fibi
417 400 637 458 vivendi
659 404 908 455 rationem
932 395 1068 451 nihil
1081 396 1228 472 fuisse
1255 401 1478 475 antiquis
1507 396 1806 480 temporibus
1830 399 1961 477 quod
1986 420 2107 453 con-

115 481 444 558 versationem
470 488 537 538 iis
548 482 752 558 faceret
774 498 888 534 cum
913 482 1130 546 Graecis,
1176 475 1232 533 id
1262 498 1377 534 non
1405 475 1642 535 absolute
1668 497 1824 558 atque
1853 477 2107 557 {implici—

113 577 194 617 ter
216 562 290 620 est
312 560 741 642 intelligendum,
760 557 848 617 sed
875 559 1275 636 comparatione
1302 556 1435 614 faeta
1461 579 1585 616 cum
1609 561 1827 616 aliarum
1852 562 2110 638 gentium>

109 640 466 700 crebrioribus
512 640 587 698 ob
645 642 1047 721 negotiationes
1096 637 1513 700 excursionibus,
1615 641 1761 698 Nam
1812 642 2102 720 caeteroqui

105 724 424 778 Salomonem
457 720 682 780 navibus
718 721 821 779 suis
861 722 918 777 in
957 738 1155 776 exteras
1192 740 1249 777 ac
1285 721 1611 801 longinquas
1650 725 1899 802 regiones
1934 719 2098 794 missis

101 817 452 865 mercaturam
486 803 766 861 exercuiffe
795 846 811 871 ‚
867 800 1145 880 proditum
1184 799 1333 858 sacris
1359 804 1524 859 literis
1565 800 1654 859 est.
1739 804 1940 882 Neque
1966 802 2099 860 adeo

98 880 286 955 judicii
321 905 504 965 expers
530 929 546 955 ‚
604 903 695 942 aut
728 881 958 941 instituti
994 880 1072 939 sui
1100 881 1301 939 oblitus
1336 901 1446 941 erat
1471 883 1721 966 Jofiphus
1756 928 1772 954 ‚
1831 902 1891 940 ut
1930 905 2100 962 quum

100 963 342 1022 universa
368 966 462 1023 hac
495 964 736 1024 adversus
762 969 1028 1046 Apionem
1066 961 1426 1042 disputatione
1457 963 1657 1022 Gentis
1693 962 1792 1022 suae
1830 966 2099 1045 Antiqui-

101 1059 292 1116 tatem,
336 1046 705 1104 Nobilitatem
733 1091 748 1115 ,
805 1044 1221 1122 Celebritatem,
1281 1051 1336 1102 &
1362 1048 1419 1103 in
1447 1067 1570 1102 vera
1596 1047 1866 1123 Sapientia
1891 1047 2099 1103 Prima-

95 1141 217 1182 tum
241 1127 452 1186 asserere
478 1130 660 1186 animo
699 1125 993 1185 destinasset
1027 1171 1043 1197 ,
1100 1129 1266 1184 unico
1302 1127 1408 1184 hoc
1446 1125 1552 1206 ipse
1599 1127 1709 1183 ieta
1757 1147 1947 1183 omnes
1982 1124 2096 1197 suas

97 1209 278 1284 ‚copias
301 1207 572 1267 sterneret.
658 1209 844 1266 Multa
878 1208 1024 1266 enim
1063 1208 1170 1287 ipse
1203 1215 1257 1265 &
1283 1207 1526 1265 conferta
1554 1226 1891 1278 exterorum,
1935 1207 2097 1265 Grae=

94 1303 284 1346 corum
311 1291 501 1357 etiam,
547 1289 611 1345 de
635 1291 812 1366 gentis
839 1290 939 1345 suae
963 1291 1200 1369 negotiis.
1226 1288 1534 1346 testimonia
1559 1288 1827 1367 producit.

175 1372 308 1427 XVI
318 1373 384 1425 II.
435 1367 608 1447 Qod
635 1367 844 1425 additur
867 1368 932 1425 de
957 1369 1257 1447 Judaeorum
1282 1368 1461 1426 averso
1489 1393 1515 1425 a
1539 1371 1672 1447 legis
1699 1369 1800 1427 suae
1826 1390 1950 1426 cum
1972 1370 2090 1439 ¹aliis

91 1447 405 1507 nationibus
431 1450 928 1507 communicatione
955 1450 1158 1517 anim0‚
1203 1453 1257 1503 &
1283 1446 1412 1526 fuga
1439 1452 1752 1507 commercii
1779 1471 1902 1507 cum
1927 1452 2091 1508 Gen-

93 1528 308 1604 diibus,
351 1529 505 1588 facile
535 1533 594 1589 in
617 1536 909 1615 vfgyptios
932 1529 1235 1609 retorqueri
1261 1528 1454 1606 potest.
1540 1531 1716 1596 Nam,
1759 1549 1820 1586 ut
1851 1530 2001 1608 supra
2024 1554 2089 1588 ex

91 1612 356 1667 Herodoto
396 1612 695 1669 audivimus
720 1653 735 1677 ‚
789 1633 904 1669 non
941 1611 1109 1669 modo
1148 1608 1212 1666 ab
1248 1607 1433 1667 osculo
1473 1612 1714 1691 AEgyptii
1751 1614 2088 1690 AEgyptiaeve

93 1691 285 1771 repulsi
315 1692 495 1749 Graeci
518 1691 666 1761 sunt,
711 1691 799 1750 sed
822 1712 922 1748 nec
947 1689 1268 1769 Graecorum
1297 1690 1520 1770 quidem
1548 1713 1713 1763 vert½
1767 1711 1857 1748 aut
1883 1693 2087 1763 cultro,

91 1792 184 1831 aut
207 1774 312 1830 olla
333 1775 415 1830 uti
439 1818 454 1842 ,
511 1792 600 1830 aut
636 1794 766 1852 pura
788 1771 944 1829 bovis
972 1793 1125 1829 carne
1161 1773 1333 1829 cultro
1360 1771 1559 1830 Graeco
1586 1771 1748 1830 incisa
1770 1771 1909 1831 vesci
1933 1771 2088 1829 susti*

77 1871 342 1913 ·nuerunt.
430 1854 632 1934 Neque
681 1856 860 1912 minus
914 1876 1075 1934 quam
1111 1853 1284 1936 Judaei
1320 1898 1336 1923 ‚
1405 1853 1714 1911 Chaeremone
1753 1853 1883 1912 teste
1924 1898 1939 1921 ,
1996 1859 2088 1908 τῶν

96 1936 319 2004 ἐξωῖικῶν
345 1942 425 1999 τῆς
451 1933 702 2011 Θρηζκειόις
727 1938 852 1991 §Qvi
877 1938 1127 2005 συνεζίεν,
1165 1939 1360 1991 nemini
1383 1937 1547 1991 cultus
1584 1942 1817 1993 extranei
1839 1941 2089 1991 convive«

89 2015 230 2074 bant.
314 2019 492 2074 Tanta
522 2016 654 2075 adeo
678 2014 784 2072 fuit
807 2014 1104 2094 priscorum
1131 2018 1524 2095 AEgyptiorum
1562 2015 1946 2096 inhospitalitas
1958 2024 1977 2085 ',
2024 2033 2086 2084 ut

88 2101 403 2179 peregrinos
438 2100 497 2154 in
532 2100 813 2178 regionem
836 2094 994 2154 -suam
1033 2118 1101 2154 ne
1148 2096 1493 2154 admitterent
1539 2097 1775 2176 quidem.
1873 2100 2082 2155 Primus
2116 2117 2384 2160 modoine:-

87 2184 338 2242 omnium
377 2177 770 2256 Psammetichus
805 2177 948 2247 fuit;
1004 2181 1100 2258 qui
1127 2181 1377 2250 ἐυηργὲτειι
1405 2185 1497 2232 τῶν
1526 2181 1664 2245 ξένων
1692 2178 1776 2237 1⁸⁸⁵-
1820 2183 2079 2244 {ammae
2109 2180 2274 2224 ¹·P·⁶s’

87 2266 150 2320 ἔις
177 2261 259 2325 viv
280 2261 534 2333 ''Aiyvrr‘iov
565 2259 898 2334 incdnlugv‘loee,
920 2258 1185 2317 liberalem
1214 2271 1292 2316 ἔφ’
1315 2256 1583 2336 benignum
1596 2259 1649 2335 se
1663 2259 1874 2342 praebuit
1899 2266 1954 2316 in
1977 2280 2072 2342 pe·
2202 2266 2207 2270 ⁴

86 2348 310 2422 regrinos
322 2344 496 2425 sponte
529 2347 585 2398 in
625 2348 924 2427 QAEgyptum
963 2346 1371 2421 commigrantes.
1458 2344 1666 2396 Primus
1698 2359 1828 2399 certe
1850 2347 2075 2411 omnium

89 2429 333 2507 &Egypti
372 2444 545 2501 regum
559 2422 793 2503 gentibus
826 2426 950 2480 aliis
978 2428 1248 2505 peregrina
1282 2426 1503 2500 regionis
1547 2428 1770 2504 emporia
1795 2424 2074 2506 patefecit,

83 2526 422 2585 magnamque
458 2503 874 2584 navigationibus
919 2522 1202 2572 exterorum
1234 2505 1559 2580 securitatem
1583 2504 1832 2586 prestitit.
1916 2509 2069 2561 Nam

83 2607 250 2643 rerum
278 2604 398 2643 ante
431 2585 586 2667 ipsum
612 2592 768 2668 potiti
803 2588 1091 2662 inaccessam
1121 2589 1402 2667 peregrinis
1436 2590 1740 2668 «Aigyptum
1763 2584 2063 2661 faciebant;

83 2667 310 2750 appulsos
345 2670 433 2724 vel
447 2667 694 2742 ftrvitute
725 2669 1012 2724 multantes.
1100 2667 1353 2746 Busiridis
1380 2664 1610 2746 equidem
1642 2671 1955 2750 impietatem
1982 2672 2067 2721 in-

81 2748 400 2831 hospitalitas
422 2753 595 2827 gentis
618 2765 726 2804 tam
747 2749 998 2826 famosam
1024 2754 1210 2805 Graecis
1237 2747 1483 2806 reddidit.
1566 2750 1695 2802 Non
1720 2753 1857 2803 enim
1881 2768 2064 2804 revera

68 2832 146 2908 fic
179 2832 374 2888 accidit
409 2874 425 2899 ,
477 2828 568 2905 sed
604 2834 903 2886 immanitas
928 2831 1129 2905 summa
1160 2829 1351 2907 fabula
1385 2844 1658 2885 commento
1704 2830 1869 2884 locum
1901 2827 2063 2885 dedit.

79 2911 353 2992 Regnavit
380 2928 557 2969 autem
580 2909 973 2986 Psammetichus
1002 2911 1062 2967 in
1085 2917 1318 2990 AEgypto
1333 2956 1349 2983 ,
1394 2931 1505 2991 quo
1529 2927 1771 2989 tempore
1798 2913 2077 2985 Manasles

77 2993 138 3050 in
159 2995 327 3076 Juda,
369 2991 571 3071 septem
604 2989 715 3049 fere
752 2991 935 3049 seculis
959 3010 1080 3048 ante
1114 3009 1299 3051 natum
1323 2994 1650 3050 Dominum.
1739 2990 1842 3048 Sed
1863 2996 1918 3047 &
1942 2988 2074 3069 post.

80 3074 167 3135 ina
191 3075 579 3157 AEgyptiorum
601 3073 910 3134 Sacerdotes
935 3072 1184 3155 Mysticos
1206 3071 1869 3155 atque-incommunicabiles
1881 3075 2056 3148 fuiffi2;

1819 3158 2087 3233 multoque*

2 579 5 643 ι’
