2539 3612
45 889 106 916 XV.

66 2173 129 2212 De
140 2162 267 2215 Sacris.

68 2221 213 2263 Gentil.
230 2232 270 2273 p.

74 2290 89 2317 τ,
98 2286 167 2319 01.

324 180 407 240 44
873 151 1856 208 AEGYPTIACORUM

326 256 696 318 Hebraeorum
728 247 1065 332 plebeculam
1091 246 1376 325 repentina
1402 240 1467 300 ab
1494 241 1559 297 iis
1584 238 1816 297 divortia
1839 258 1995 319 aequo
2020 236 2203 296 animo
2227 237 2364 299 ferre

329 336 579 420 potuiffe.
623 334 727 396 Sed
749 330 971 391 suadent
992 324 1225 386 Mosaici
1251 323 1412 382 seculi
1438 341 1646 391 more3‚
1676 338 1736 378 ut
1759 317 2149 390 existimemus,
2175 322 2365 380 Deum

333 416 764 500 antiquissimum
790 419 887 467 τῶν
914 406 1233 492 Theraphim
1256 405 1442 475 usum,
1487 403 1667 482 paullo
1693 402 2065 473 emendatum,
2109 403 2169 458 in
2193 402 2369 460 Pedio*
2392 452 2402 460 .

335 504 462 559 ralis
485 502 634 557 Urim
660 494 900 552 Israelitis
928 486 1263 548 conservasse.

419 584 628 639 XV111.
674 577 802 633 Alia
824 618 841 644 ‚
885 593 1001 652 quae
1025 572 1252 629 minoris
1277 565 1375 626 effe
1403 567 1668 624 momenti
1697 587 1763 624 ne
1791 564 2012 645 quidem
2037 563 2144 642 ipse
2172 562 2375 622 diffite-⁹

341 663 493 720 bitur
519 655 848 717 Clarisfimus
873 654 1116 722 Αιιᾶοῑ,
1159 650 1291 708 haut
1313 665 1525 729 gravate
1549 648 1900 726 praetermitto
1914 670 1932 715 3
1974 644 2080 702 hoc
2105 667 2279 702 unum
2305 645 2371 703 fi-

345 744 452 800 lere
488 762 604 799 non
638 735 849 819 possum
887 732 1038 815 quod
1071 753 1171 812 pro
1199 729 1287 789 sua
1313 731 1510 787 eximia
1533 728 1837 786 eruditione
1863 743 2013 784 acute
2040 723 2380 798 observavit,

32 826 131 875 <3²1³-
148 833 203 863 Ν·
219 818 314 863 sest.
341 844 501 883 voces
524 823 676 877 Urim
701 824 755 875 &
778 814 1098 898 ‘Theraphim
1120 856 1138 883 ,
1194 812 1538 892 quantumvis
1548 809 1670 885 fimo
1695 807 1995 887 discrepent
2017 851 2033 877 ‚
2088 828 2142 864 re
2167 806 2271 890 ipsa
2295 825 2378 865 ta·-

343 926 471 963 men
507 922 645 983 pene
682 897 995 978 synonymas
1030 892 1130 951 effe
1154 937 1170 963 ,
1226 898 1282 950 δε
1306 890 1401 949 sub
1426 892 1666 948 maximae
1691 887 2047 968 discrepantiae
2072 889 2210 946 larva
2233 885 2378 946 sum-

345 1007 492 1044 mam
516 979 926 1063 significationis
953 973 1362 1033 similitudinem
1385 973 1540 1029 tueri.
1565 974 1717 1027 Urim
1745 973 1895 1028 enim
1919 990 2170 1050 germana
2194 972 2380 1028 nomi-

344 1069 429 1123 nis
468 1065 699 1123 notione
735 1081 851 1117 non
891 1061 1093 1115 lumina
1128 1057 1345 1134 proprie
1382 1057 1437 1110 &
1475 1053 1732 1131 primario
1758 1050 2021 1130 fignificat
2044 1092 2059 1119 ‚
2103 1049 2192 1108 sed
2220 1056 2378 1130 ‘gnesz

346 1147 471 1203 Nec
508 1151 648 1226 ignes
685 1140 932 1222 quosvis:
977 1159 1093 1196 non
1121 1137 1241 1212 illos
1266 1133 1383 1192 sane
1410 1136 1507 1211 qui
1534 1134 1592 1187 in
1617 1130 1887 1187 cineribus
1912 1149 2001 1187 aut
2023 1130 2253 1188 carbone
2285 1133 2383 1189 ali-

350 1249 467 1307 quo
494 1228 689 1282 inertes
714 1229 913 1298 jacent,
959 1225 1014 1276 &
1039 1220 1206 1275 morti
1229 1213 1495 1294 proximi;
1540 1209 1629 1266 sed
1640 1210 2005 1287 flammantes,
2051 1214 2105 1265 &
2132 1207 2384 1287 splendo.m

353 1328 468 1364 rem
506 1307 765 1362 laetiorem
789 1300 1148 1378 projicientes,
1238 1291 1410 1374 Qod
1432 1295 1705 1349 Mercerus
1730 1310 1951 1369 quoque
1976 1295 2032 1346 &
2056 1289 2390 1349 Schindlerm

351 1403 694 1444 annotarunt.
749 1381 919 1438 Unde
945 1377 1123 1437 differt
1145 1400 1174 1434 a
1196 1373 1460 1431 vocabulo
1485 1368 1557 1418 ¹⁶⁷⁸
1575 1410 1592 1438 ‚
1643 1369 1795 1451 quod
1821 1377 1991 1450 ignem
2012 1388 2167 1428 notat
2180 1374 2389 1454 simpli-

353 1473 483 1524 citer
517 1465 809 1545 spectatum
836 1485 848 1518 :
889 1457 1011 1537 ipsis
1045 1459 1159 1513 Dei
1195 1453 1371 1512 verbis
1406 1449 1689 1510 discrimen
1713 1449 1819 1508 hoc
1845 1469 2018 1509 ratum
2043 1449 2382 1512 facientibus.

356 1548 462 1628 Jes.
491 1566 548 1605 L.
583 1566 605 1601 Ι
624 1565 670 1602 1.
732 1538 1021 1600 Ambulare
1048 1533 1183 1598 ²²31?ss
1219 1534 1328 1593 ’ΜΓ-ἒ
1365 1533 1636 1612 inflamma
1659 1535 1788 1612 ignis
1810 1532 1982 1611 vestri.
2028 1532 2257 1611 Optime
2284 1536 2389 1592 ita-

359 1651 467 1708 que
493 1630 660 1685 Arm
686 1627 1006 1682 Montanm:
1034 1619 1272 1675 Haiirim
1298 1622 1352 1672 in
1352 1615 1738 1694 flammationes
1754 1625 1832 1672 (φ
1856 1617 2254 1671 illuminationes
2277 1615 2394 1672 red-

359 1709 477 1766 dere
490 1709 747 1790 poffiimm.
783 1699 1099 1785 Theraphim
1120 1718 1300 1758 autem
1321 1694 1646 1755 vocabulum
1667 1696 1753 1751 vel
1776 1693 2098 1751 Hebraicum
2119 1696 2205 1753 vel
2231 1696 2392 1755 Chal—

362 1789 574 1847 daicum
599 1785 673 1844 est
698 1830 714 1856 ,
769 1790 825 1842 ὃ(
850 1804 949 1862 pro
976 1781 1247 1865 Seraphim
1273 1775 1564 1851 (leviffima
1588 1781 1643 1831 δε
1671 1774 1854 1853 saepius
1880 1774 2065 1833 usitata
2088 1778 2392 1836 mutatione

363 1891 404 1930 w
427 1873 485 1928 in
509 1875 578 1942 n)
604 1866 744 1947 apud
765 1864 1131 1924 Orientalium
1155 1859 1449 1919 nonnullos
1475 1857 1612 1914 olim
1634 1853 1959 1934 usurpatum.
2003 1856 2272 1940 Seraphim
2297 1879 2400 1916 ve·-

362 1973 427 2011 ro
447 1946 664 2008 'Urentes
686 1949 773 2008 vel
795 1947 1185 2025 Inflammantes
1210 1940 1393 1999 sonare
1422 1981 1442 2014 3
1484 1958 1584 1996 nec
1609 1934 1898 2016 Magistros
1925 1936 2096 2017 fugit,
2142 1959 2241 1996 nec
2265 1941 2399 1999 Ma*

362 2031 654 2113 gistrorum
689 2049 899 2109 pueros.
966 2024 1135 2083 Unde
1161 2029 1216 2081 &
1241 2020 1480 2102 AEgyptii
1506 2015 1857 2097 antiquisfimi
1881 2025 2021 2098 ignes
2045 2015 2138 2076 sub
2165 2022 2397 2078 nomine

363 2113 633 2197 Seraphim
669 2111 881 2168 coluere
905 2133 924 2178 3
976 2107 1190 2164 auetore
1213 2103 1429 2172 Sinchi&
1472 2097 1726 2174 Ejusdem
1749 2119 1878 2178 ergo
1904 2117 2127 2179 utraque
2152 2121 2259 2157 vox.
2284 2118 2395 2159 tam

364 2197 517 2252 Urim
540 2214 702 2274 quam
723 2187 1038 2272 Theraphim
1062 2187 1166 2243 five
1188 2181 1457 2265 Seraphim
1480 2178 1885 2259 significationis
1910 2178 2012 2267 (ἰῆς
2028 2180 2260 2261 ideoque
2275 2203 2395 2240 non

367 2275 443 2334 est
467 2276 667 2332 mirum
690 2274 905 2329 alteram
931 2288 1031 2344 pro
1056 2267 1214 2325 altera
1239 2260 1705 2322 indiscriminatim
1728 2259 1991 2339 usurpari3
2008 2266 2063 2318 δε
2091 2262 2242 2340 quod
2265 2264 2400 2320 Mo·

364 2355 442 2413 ses
465 2356 617 2410 Urim
643 2353 806 2418 dixit,
853 2348 911 2406 id
931 2345 1203 2416 Micham‚
1229 2351 1283 2404 &
1309 2347 1439 2402 alios
1465 2340 1690 2400 fortaffis
1715 2340 1990 2413 Israeliten,
2015 2345 2219 2399 cultum
2243 2341 2397 2401 suum

367 2436 435 2494 ad
459 2431 690 2491 Mosaici
715 2430 890 2488 ideam
912 2427 1181 2507 fingentes
1204 2471 1221 2498 ,
1273 2424 1588 2508 Theraphim
1614 2421 1937 2503 nuncupasse
1956 2468 1974 2495 ,
2019 2422 2343 2483 vocabulum
2366 2446 2395 2481 a

367 2516 545 2574 seculo
571 2530 846 2591 receptum
866 2511 1172 2567 retinentes
2170 2541 2202 2557 ἡ

456 2598 601 2655 ΧΙΧ.
649 2595 704 2650 Si
730 2593 849 2671 quis
873 2608 1058 2670 roget,
1085 2611 1248 2669 quam
1270 2587 1488 2645 tandem
1513 2583 1587 2642 ob
1613 2586 1833 2644 caussam
1857 2588 2113 2643 icunculae
2137 2584 2264 2653 il-lae‚
2294 2582 2398 2641 five

375 2677 527 2733 Urim
550 2674 652 2733 five
677 2671 1021 2755 Theraphim,
1040 2673 1282 2726 Flamma
1309 2674 1363 2725 &
1388 2669 1598 2723 Urentes
1623 2667 1771 2725 distae
1797 2667 1924 2736 fint3
1962 2663 2246 2745 respondet
2272 2665 2403 2722 Cla-

377 2755 604 2815 riffimus
629 2761 897 2839 Spencerm
923 2796 940 2822 ,
995 2754 1262 2808 rationem
1285 2748 1504 2806 obviam
1527 2747 1625 2805 effe
1648 2792 1666 2818 ,
1710 2754 1764 2805 &
1789 2749 1877 2805 vel
1901 2744 2143 2804 oscitanti
2169 2742 2217 2800 se
2245 2747 2403 2824 inge--

377 2858 510 2895 rere.
590 2842 669 2893 Ita
690 2836 951 2893 nimirum
974 2832 1135 2890 diffas
1159 2829 1258 2888 esse
1296 2831 1656 2907 imagunculas
1680 2831 1790 2886 illas
1815 2850 1937 2885 cum
1960 2826 2195 2905 respecfflu
2219 2825 2283 2882 ad
2305 2847 2400 2882 ve-

381 2939 470 2976 ros
493 2919 605 2974 Dei
629 2914 896 2998 Seraphim
919 2956 935 2983 ‚
980 2912 1036 2970 id
1058 2909 1133 2968 est
1157 2913 1395 2991 Angelos
1418 2953 1435 2980 ,
1480 2932 1712 2989 quorum
1725 2913 1871 2989 figna
1897 2913 1949 2964 &
1960 2907 2209 2985 symbola,
2254 2927 2400 2962 non-

381 3020 660 3078 nunquam
706 2999 867 3054 ctiam
909 2991 1209 3050 habitacula
1253 2998 1307 3047 &
1349 3006 1565 3065 μαντεῖος
1579 3038 1596 3064 ,
1640 2993 1885 3070 primitus
1910 2986 2059 3046 suiffe
2103 2987 2396 3044 videantur.

378 3080 537 3151 Nam
552 3076 834 3136 verisimile
862 3073 1154 3133 admodum
1177 3070 1251 3129 est
1274 3116 1292 3142 ‚
1346 3072 1614 3155 Seraphim
1638 3091 1840 3129 nomen
1866 3073 2191 3149 Angelorum
2215 3065 2398 3137 fuisse,

378 3183 405 3217 a
439 3162 610 3240 prima
644 3157 754 3218 fere
789 3175 1100 3236 temporum
1135 3155 1395 3213 memoria
1431 3152 1627 3213 crebris
1664 3152 2028 3211 Orientalium
2064 3146 2402 3208 sermonibus

2249 3225 2405 3286 usur—2
