2539 3612
370 132 486 214 386
1058 134 1676 196 DEDEch

373 237 490 294 lurn
514 257 543 294 a
566 225 827 297 violentia
853 240 910 297 δε
933 240 1164 318 rapinis,
1207 237 1299 297 sed
1325 241 1487 296 etiam
1514 260 1544 297 a
1569 244 1704 320 jugo
1729 243 1786 298 ὅ(
1813 240 2067 301 servitute
2095 246 2379 324 gentium’

378 318 496 375 imo
533 323 591 376 δε
628 319 725 400 ipsi
762 321 1052 400 imperium
1087 318 1243 377 suum
1273 323 1332 379 in
1358 322 1561 378 vicinas
1585 323 1837 402 regiones
1863 322 2200 402 proferrent:
2244 348 2374 407 pro-

378 399 467 456 cul
502 418 680 459 tamen
726 399 792 458 ab
829 421 897 458 eo
941 402 1162 480 imperii
1203 400 1515 481 splendore,
1560 424 1725 484 quem
1759 404 1920 485 prisci
1958 403 2054 463 sub
2081 407 2372 467 Salomone

382 478 643 540 viderant.
2424 485 2427 489 ’

474 566 574 620 XI.
616 562 794 642 Judas
831 561 1190 642 Aristobulus,
1217 566 1461 648 Hyrcani
1483 567 1692 635 Filius,
1735 563 1987 623 Philellen
2021 566 2221 636 ἀίἂιιε,
2265 570 2378 646 pri-

387 663 508 700 mus
557 644 938 721 Asmonaeorum
991 643 1233 702 diadema
1271 648 1483 726 regium
1509 649 1671 726 capiti
1698 647 1793 705 suo
1821 646 2105 726 imposuit:
2149 647 2238 706 sed
2261 648 2379 706 suc.-

386 720 523 780 ceffu
559 744 748 802 parum
785 723 1061 807 prospero.
1148 726 1448 786 Continuae
1487 731 1637 786 enim
1677 733 1731 784 &
1773 746 2002 786 cruentae
2029 731 2170 786 inter
2202 726 2377 808 ipsum

384 807 442 860 δι
466 802 652 868 fratres
669 848 688 876 ‚
712 806 1032 887 caeterosque
1058 805 1254 865 abhinc
1281 807 1622 879 successores,
1653 808 1718 867 de
1747 810 1978 887 imperio
1995 830 2053 867 ac
2081 809 2391 868 sacerdotio:

385 891 768 948 contentiones
803 888 1057 948 fuerunt:
1105 887 1281 946 donec
1317 889 1616 970 Aristobulo
1649 894 1705 947 &
1732 891 1980 970 Hyrcano
2006 889 2256 948 fratribus
2281 912 2376 949 co-

319 986 323 990 ·
381 986 496 1024 ram
520 973 754 1053 Pompejo
777 970 1028 1029 Damasci
1052 969 1117 1028 de
1140 968 1436 1029 sacerdotio
1464 990 1624 1052 atque
1658 990 1830 1050 regno
1856 970 2380 1045 certantibuS‚Pom-

376 1052 528 1128 pejus
563 1051 927 1131 Aristobulum
963 1055 1022 1110 in
1060 1052 1274 1111 vincula
1313 1054 1568 1127 conjicit,
1609 1050 1999 1131 Hierosolymae
2034 1050 2100 1108 ab
2137 1057 2381 1135 Hyrcani

384 1147 534 1206 parte
572 1152 817 1213 receptus
841 1179 858 1204 ‚
903 1135 1235 1213 Templum,
1275 1133 1434 1212 quod
1468 1157 1498 1191 a
1537 1150 1686 1214 parte
1721 1131 2018 1213 Aristobuli
2056 1151 2380 1213 occupatum

385 1228 524 1281 erat,
567 1212 690 1293 post
726 1219 893 1273 trium
929 1215 1195 1274 mensium
1233 1212 1578 1273 obsidionem
1611 1216 1667 1272 vi
1692 1218 1864 1294 capit,
1905 1213 2216 1294 Judaeorum
2245 1212 2383 1272 duo-

385 1289 560 1351 decim
590 1297 758 1354 millia
783 1295 1018 1366 occidit,
1044 1296 1417 1376 templumque
1444 1294 1745 1377 ingreditur
1762 1339 1779 1365 ‚
1805 1299 2044 1352 Antonio
2070 1300 2126 1352 δε
2146 1301 2381 1352 Cicerone

384 1372 724 1435 consulibus:
768 1381 1017 1460 JIyrcaeno
1053 1379 1353 1456 precarium
1392 1398 1621 1456 regnum
1657 1382 1713 1433 &
1736 1375 2091 1432 sacerdotium
2119 1374 2381 1447 restituit,
2463 1425 2466 1427 a
2533 1362 2536 1412 3

381 1453 594 1531 Judaeis
619 1463 864 1517 civitates
891 1481 977 1517 eas
1002 1458 1196 1515 adimit
1217 1479 1347 1536 quas
1358 1457 1792 1539 fiiprafinitimas
1819 1472 2192 1537 occupaverant
2206 1500 2220 1526 ‚
2222 1458 2374 1538 juffis

384 1550 442 1591 ut
466 1541 609 1595 intra
639 1556 924 1614 vetergesac
939 1545 1176 1622 proprios
1200 1540 1394 1594 limites
1406 1535 1502 1613 st'ss
1529 1540 1856 1594 continerent.

461 1620 587 1674 XII.
629 1624 913 1700 fisyrcanus
957 1639 1137 1676 autem
1183 1638 1354 1696 quum
1379 1615 1445 1673 ab
1469 1615 1771 1693 Aristobulo
1800 1615 2029 1694 filioque
2057 1622 2170 1690 ejus
2191 1620 2387 1675 Alex—⁷

381 1696 545 1753 andro
567 1701 659 1756 vix
689 1700 794 1757 sese
819 1718 1089 1768 tueretur,
1135 1700 1419 1766 Gabinius,
1465 1702 1614 1770 cujus
1639 1715 1745 1775 ope
1774 1695 2018 1753 adversus
2045 1696 2262 1756 fratrem
2293 1701 2380 1757 in·-

378 1775 625 1858 digebat‚
650 1801 731 1837 res
755 1780 1071 1860 Judaeorum
1098 1798 1237 1858 pene
1266 1799 1367 1858 pro
1394 1775 1618 1835 arbitrio
1659 1774 1955 1835 constituit.
1994 1779 2201 1858 Crassus
2222 1778 2378 1839 dein-

379 1858 446 1915 de
485 1859 891 1938 expeditionem
927 1878 1114 1919 contra
1150 1858 1370 1918 Parthos
1408 1878 1594 1938 parans
1635 1859 1693 1916 in
1731 1856 1977 1938 Judaeam
1994 1861 2273 1938 pervenit,
2317 1866 2377 1919 δε

377 1943 669 2018 pecuniam
707 1940 899 2001 sacram
921 1963 1083 2023 quam
1106 1945 1373 2025 Pompejjus
1397 1962 1514 1999 non
1538 1941 1788 2019 attigerat
1805 1982 1822 2008 ‚
1866 1938 1976 1996 duo
1999 1941 2168 2000 millia
2200 1942 2372 2000 talen-

380 2037 565 2080 torum
599 2020 843 2096 abstulit,
885 2041 1120 2103 totoque
1157 2026 1370 2102 reliquo
1393 2042 1553 2090 auro,
1598 2026 1746 2095 cujus
1773 2019 1976 2078 summa
1998 2021 2281 2081 accedebat
2310 2023 2388 2082 ad³

379 2102 508 2160 octo
548 2106 887 2164 talentorum--
914 2106 1111 2174 millia,
1157 2105 1419 2181 templum
1446 2101 1710 2180 spoliavit.
1794 2101 1957 2158 Tulit
1979 2103 2140 2159 etiarn
2166 2101 2383 2162 trabem

382 2202 447 2239 ex
472 2205 602 2243 auro
625 2184 878 2257 solidam,
922 2203 1183 2243 trecentas
1214 2187 1393 2241 minas
1408 2181 1752 2261 pendentem.
1838 2181 1999 2239 Mina
2026 2201 2204 2241 autem
2233 2204 2370 2242 con-

381 2261 482 2323 stat
508 2266 711 2325 duabus
736 2267 887 2324 libris
911 2287 1041 2324 cum
1059 2264 1295 2323 dimidia.
1383 2261 1510 2321 Post
1536 2265 1758 2337 Crassum
1800 2263 1991 2342 Caffius
2014 2263 2252 2345 Judaeam
2283 2266 2371 2323 in-

382 2343 533 2403 visit:
577 2346 868 2405 Tarichaeas
912 2349 1090 2426 primo
1128 2347 1338 2424 impetu
1373 2346 1545 2424 cepit,
1589 2348 1647 2400 &
1685 2341 1855 2401 ferme
1879 2366 1983 2403 xxx
2006 2345 2174 2403 millia
2197 2347 2368 2425 capti-

382 2443 578 2484 vorum
602 2426 845 2487 abduxit.
927 2426 1089 2485 Idem
1107 2428 1295 2506 Cafflus
1318 2425 1436 2506 post
1464 2424 1661 2484 caedem
1688 2428 1881 2501 Caefizris
1906 2428 2102 2484 iterum
2128 2425 2366 2501 Judaeam

384 2503 604 2577 afflixit,
648 2509 767 2587 pl‘us
803 2528 965 2587 quam
999 2507 1352 2589 septingentis
1376 2509 1585 2588 argenti
1608 2508 1820 2564 talentis
1846 2507 2152 2586 imperatis:
2197 2525 2369 2566 tanta-

385 2606 493 2664 que
528 2585 801 2647 severitate
840 2589 1065 2665 εκειᾶἰε,
1107 2608 1168 2647 ut
1191 2609 1422 2670 quatuor
1453 2590 1729 2669 praecipuae
1758 2589 1996 2646 civitates
2024 2608 2149 2647 cum
2174 2589 2368 2647 incolis

388 2666 492 2724 suis
527 2690 728 2727 venum
768 2670 1037 2730 darentur.
1120 2672 1259 2729 Non
1282 2673 1457 2730 multo
1483 2669 1604 2751 post
1630 2690 1860 2750 regnum
1884 2669 2091 2729 invadit
2131 2669 2377 2727 Herodes·

386 2753 660 2830 Magnus,
704 2755 994 2836 Antipatri
1026 2751 1246 2810 Idumaei
1280 2752 1452 2826 filius,
1495 2754 1594 2832 qui
1635 2750 1830 2809 Romae
1866 2748 2364 2820 SenatusconsultO,

384 2833 626 2888 Antonio
649 2852 1000 2912 procurante,
1035 2833 1346 2914 Judaeorum
1369 2855 1470 2892 rex,
1485 2833 1772 2892 declaratur
1789 2876 1805 2903 ,
1832 2832 2143 2912 semperque
2174 2830 2364 2889 exinde

384 2914 776 2992 magnitudinis
814 2917 1077 2975 Romanae
1111 2914 1290 2975 ser-vus
1324 2914 1446 2974 fui&
1531 2913 1659 2973 Post
1681 2915 1821 2972 illius
1845 2912 2070 2973 obitum.
2085 2912 2279 2994 Judaea
2302 2912 2367 2967 in

382 2995 720 3073 provinciam
753 2997 986 3057 redaeta:
1030 3002 1087 3055 &
1111 3003 1258 3080 Syriae
1279 2996 1534 3057 accensita
1562 2994 1659 3055 est.

465 3077 616 3137 xm.
657 3077 781 3138 Ubi
829 3100 959 3161 ergo
1014 3100 1139 3141 eurn
1184 3081 1444 3162 temporis
1496 3077 1777 3139 articulum
1826 3076 2165 3137 inveniemus
2173 3111 2231 3209 f)
2249 3090 2362 3147 quo

689 3165 696 3173 ¹
2237 3170 2357 3224 eus,
