2539 3612
783 158 831 215 L
873 173 896 214 1
937 172 991 214 Β.
1037 157 1118 212 ῘΙ.
1205 150 1258 211 C
1299 170 1343 214 A
1385 169 1438 210 Ρ.
1494 152 1609 211 De.
2082 183 2189 246 125

222 273 450 329 enormia
485 270 578 327 illa
596 307 612 334 ‚
656 282 755 320 non
769 260 925 338 sacra
948 305 964 332 ‚
997 259 1087 338 fi’d
1097 261 1291 337 scelera
1312 285 1329 330 3
1372 281 1472 318 non
1494 265 1806 320 carimonias
1827 308 1845 335 ,
1875 263 1969 342 sed
1993 271 2190 349 iniqui—

219 368 350 410 tates
373 377 390 422 3
418 350 571 426 sacra
594 388 609 413 ‚
653 349 865 422 inquam
886 387 902 412 ‚
948 343 1434 421 ignominiofiffima,
1476 363 1630 399 veras
1654 343 1875 404 Diaboli
1896 347 1968 404 ad
1989 356 2185 406 animm

217 437 276 489 in
301 452 439 488 omne
449 446 610 508 genus
632 429 881 480 vitiorum
894 422 1283 507 pracipitandas
1308 421 1730 496 adinventiones,
1754 433 1946 487 eternis
1969 427 2185 489 tenebris

215 511 488 584 damnare,
528 526 682 587 quam
710 507 816 562 illis
839 503 1120 562 recitandis
1146 503 1296 584 castis
1318 501 1526 562 auribus
1550 504 1750 583 officere.

1001 654 1233 716 CAP.
1320 657 1387 715 X.

203 804 597 899 Theraphim
620 817 770 872 'non
810 802 922 872 nifi
966 805 1417 896 superstitionis
1461 805 1868 876 instrumenta
1897 862 1911 885 ‚
1978 832 2180 903 neque

379 922 661 990 unquam
691 922 728 964 a
760 901 904 965 Deo
935 905 995 968 in
1025 899 1139 966 suo
1177 897 1355 965 cultu
1384 896 1776 988 approbatos
1805 897 1992 969 fuiffi.

195 1077 236 1130 Ι.
280 1074 432 1130 Urim
467 1071 680 1151 ejusdem
715 1093 830 1129 cum
861 1068 1177 1153 ‘Theraphim
1213 1074 1436 1128 muneris
1477 1081 1555 1126 ἐφ’
1581 1069 1757 1149 figura
1791 1074 2175 1152 imagunculam

262 1156 359 1230 fui
386 1178 411 1209 e
435 1199 450 1224 ‚
507 1159 753 1209 immanis
788 1152 853 1230 est
886 1154 1092 1226 assertio,
1177 1159 1246 1210 ΙΙ.
1304 1156 1456 1208 Nam
1490 1149 1805 1233 Theraphim
1841 1154 2176 1229 iifirvierunt

273 1238 635 1290 Divinationi.
708 1240 805 1290 111.
834 1237 1016 1312 Atque
1043 1231 1367 1290 Idololatria.
1443 1235 1542 1289 1V.
1571 1236 1642 1287 Et
1664 1237 1884 1311 Magia.
1951 1238 2032 1292 V„
2072 1239 2175 1293 VI.

273 1320 417 1369 Certe
455 1318 510 1367 in
546 1315 747 1390 loquela
775 1318 842 1367 iis
865 1316 1208 1389 imagunculis
1235 1310 1584 1374 concilianda.
1670 1317 1797 1371 VII.
1842 1317 1995 1370 Hinc
2020 1318 2176 1393 invisi

258 1395 409 1472 fuere
432 1398 558 1476 piis.
646 1397 802 1449 VIII.
848 1395 1033 1469 Neque
1068 1391 1308 1448 credibile
1345 1391 1409 1465 est
1446 1395 1620 1446 Deum
1648 1396 1901 1470 confimile
1923 1395 2175 1453 idolulum

270 1495 576 1532 arcanorum
599 1474 806 1550 suorum
844 1476 1221 1527 internuncium
1241 1471 1426 1548 fecisse.
1510 1474 1603 1527 IX.
1649 1477 1826 1528 Potius
1861 1474 1925 1550 est
1948 1494 2003 1531 ut
2027 1479 2174 1556 longe

267 1556 522 1632 diverfitm
570 1557 790 1612 Oraculi
833 1552 1218 1632 instrumentum
1263 1551 1514 1628 Ifrae‘litis
1551 1548 1729 1626 dediſj}
1764 1553 2015 1612 credatur.
2103 1553 2170 1616 X.

269 1638 540 1717 Nusquam
576 1642 712 1694 enim
745 1633 1060 1717 Theraphim
1096 1651 1152 1690 ut
1189 1641 1244 1691 in
1275 1637 1380 1691 ulla
1405 1631 1572 1686 cultus
1584 1631 1668 1708 sui
1685 1652 1837 1715 par-te
1859 1635 2174 1693 adhibendi

271 1740 384 1776 rum
418 1722 665 1772 meminit.
734 1719 828 1773 XI.
855 1720 966 1770 Imo
1001 1735 1122 1771 vero
1159 1713 1441 1773 interdicit.
1504 1714 1627 1771 XII.
1654 1717 1800 1773 Alia
1818 1717 2019 1799 prorfiis
2046 1717 2177 1776 Che-

272 1798 563 1857 rubinorum
586 1802 717 1854 ratio
746 1795 826 1874 ψ’.

192 1968 234 2022 1.
371 1968 385 1976 i
424 1961 560 2019 UN
579 1962 629 2017 C
667 1960 900 2040 denique
936 1960 1000 2019 ad
1036 1961 1520 2023 considerationem
1557 1967 1648 2022 τῶν
1676 1961 1929 2021 URIM
1954 1963 2173 2023 descen-

327 2095 329 2097 .
466 2044 648 2102 damus
675 2088 691 2113 ‚
735 2040 1180 2123 dispiciamusque
1212 2065 1345 2100 num
1369 2043 1572 2103 fuerint
1597 2043 1809 2126 ejusdem
1832 2067 1946 2101 cum
1970 2047 2170 2104 Thera-
2192 2061 2358 2103 Confer.
2374 2062 2449 2103 nb.

180 2125 331 2206 phim
368 2131 590 2182 muneris·
627 2137 705 2199 Θῆ
723 2123 901 2204 figura
925 2168 941 2192 ‚
983 2122 1073 2198 sub
1106 2123 1302 2198 diverso
1328 2140 1498 2183 tamen
1522 2130 1723 2184 nomine
1747 2168 1763 2193 ,
1820 2131 2166 2203 imaguncula,
2198 2128 2462 2169 ¹·⁰³P·V¹³‘’

190 2213 328 2285 Qae
353 2228 524 2286 quum
549 2207 795 2262 immanis
821 2203 884 2262 fit
905 2202 1109 2262 assertio
1139 2249 1155 2274 ,
1200 2225 1268 2260 eo
1294 2203 1608 2286 diligentius
1636 2203 1794 2263 nobis
1822 2208 2169 2266 examinanda

188 2289 355 2345 venit.
439 2290 511 2344 Et
545 2285 650 2342 hoc
687 2285 909 2365 quidem
942 2284 1133 2342 ordine
1161 2310 1185 2343 τ
1217 2303 1279 2342 ut
1313 2285 1667 2344 ostendamus.
1764 2307 1810 2343 1.
1854 2286 2170 2370 Theraphim

189 2390 334 2426 mera
360 2366 645 2425 merissima
667 2371 1035 2424 Divinationis
1061 2410 1078 2437 ,
1122 2365 1460 2439 Idololatria,
1506 2390 1562 2425 ac
1587 2371 1789 2446 Magia
1817 2365 2167 2427 instrumento.

187 2448 357 2507 fuiffe.
452 2469 539 2505 11.
583 2448 886 2528 Nunquam
921 2470 982 2504 ea
1018 2470 1047 2504 a
1080 2451 1211 2505 Deo
1247 2465 1309 2504 ut
1330 2448 1414 2524 fiii
1450 2453 1611 2506 cultus
1650 2447 1979 2525 instrumenta
2001 2453 2164 2530 justa„

185 2530 393 2589 laudata
417 2574 433 2599 ,
476 2549 565 2587 aut
591 2529 879 2607 approbata
899 2527 1077 2599 fuisse3
1123 2528 1212 2587 sed
1233 2534 1428 2600 vetita,
1475 2537 1529 2587 <Sc
1554 2529 1776 2610 quidem
1803 2551 1927 2586 cum
1949 2530 2165 2606 detesta*

184 2618 335 2669 tione.
401 2632 423 2667 1
443 2632 463 2668 Ι
483 2633 529 2668 1.
546 2614 697 2666 Urim
721 2609 858 2668 nihil
879 2612 1057 2668 minus
1081 2608 1232 2668 fuisse
1259 2633 1422 2690 quam
1444 2614 1703 2693 loquacem
1729 2609 1989 2688 ejusmodi
2016 2604 2165 2668 icunss·

179 2696 352 2751 culam
376 2712 465 2752 aut
490 2693 754 2749 idolulum.

267 2780 336 2832 ΙΙ.
382 2781 444 2832 In
478 2776 661 2854 primae
694 2772 888 2830 thefios
923 2772 1278 2834 adstrufflone
1319 2771 1432 2835 non
1472 2797 1609 2856 opus
1646 2772 1722 2830 est
1747 2772 2039 2832 admodum
2064 2773 2164 2832 effe

181 2857 405 2934 prolixis
432 2881 444 2913 ε
490 2878 660 2936 quum
696 2856 753 2911 in
781 2851 1016 2912 confeffo
1040 2857 1181 2935 apud
1203 2876 1396 2916 omnes
1418 2858 1480 2916 fit
1504 2903 1520 2928 ‚
1576 2857 1826 2936 gentium
1848 2855 2166 2939 Theraphina

183 2939 315 2994 Deo
355 2935 504 2994 fuiffe
542 2936 954 2993 abominationi.
1007 2941 1351 2996 Divinationi
1384 2961 1478 3018 per
1506 2935 1751 3016 spiritum
1776 2937 2050 3015 impurum
2075 2939 2163 2994 in—

150 3052 154 3054 -
182 3015 438 3088 serviiffe,
476 3019 677 3074 evincit
701 3016 1015 3094 Babylonici
1038 3019 1209 3096 Regis
1235 3022 1546 3099 exemplum
1564 3015 1759 3074 Ezech.
1786 3037 1909 3074 xx1.
1941 3038 2030 3074 21.
2063 3020 2160 3097 qui

180 3098 389 3160 consilii
421 3101 580 3179 inops
617 3100 891 3179 animique
926 3097 1189 3178 pendulus
1213 3101 1270 3156 i‘n
1295 3103 1466 3180 capite
1493 3100 1716 3160 duarum
1736 3099 1942 3157 viarum
1966 3096 2155 3156 stetiffe

1233 3185 1321 3260 Q
1337 3201 1377 3258 3?
1928 3180 2155 3257 legitur‚
