2539 3612
410 205 521 268 154
716 244 722 250 ,
932 191 1911 243 AEGYPTIACORUM

113 391 358 440 confexnb.
405 377 448 430 Ι.
659 370 810 428 UAE
846 367 909 425 de
948 369 1203 449 Hemptaei
1242 366 1480 423 numinis
1516 360 1850 448 Stipatoribm
1873 366 2055 418 Geniis
2083 406 2099 433 ,
2154 384 2397 443 quorum.

115 461 249 551 gfff·
267 459 329 488 ¹⁸·
687 468 824 506 unus
849 451 1005 503 Pueri
1030 444 1262 504 formam
1289 492 1304 518 ‚
1348 448 1478 504 alter
1505 451 1765 502 Geminam
1789 441 2012 512 faciem,
2054 446 2239 502 tertius
2269 448 2417 502 Ac-'

408 537 706 616 cipitrinum
742 528 952 586 vultum
978 571 994 596 ‚
1040 546 1253 607 quartus
1290 532 1573 585 Leoninum
1606 523 1838 582 habebat
1866 567 1881 593 ‚
1926 544 2227 605 eorumque
2267 546 2393 584 cum

415 609 712 670 cherubinis
735 653 751 679 ‚
809 629 946 687 quos
983 609 1163 687 gloriae
1205 607 1302 665 suae
1327 611 1385 665 in
1411 612 1554 665 Arca
1577 606 1769 663 solium
1795 603 1981 683 stipare
2005 607 2159 662 Deus
2184 607 2401 681 voluit,

415 692 700 751 collatione
748 688 898 768 supr-a
937 688 1210 759 diximus3
1254 711 1313 746 ea
1351 688 1622 767 quendam
1657 687 1826 776 magis
1864 686 2074 764 ingenii
2111 685 2281 744 lusum
2318 685 2399 745 sa·-

415 776 575 851 piunt
593 814 608 839 ,
654 792 816 849 quarn
853 788 915 827 ut
937 766 1064 825 seria
1093 768 1518 827 consideratione
1547 768 1708 848 digna
1739 770 1855 839 lint.
1942 764 2105 823 Nihil
2131 770 2278 825 enim
2302 774 2396 825 ΑΞ-

416 848 729 932 gyptiorttm
752 853 988 933 Hempm
1014 870 1137 905 cum
1161 853 1275 906 Deo
1300 870 1435 910 rame
1456 855 1635 920 fimet,
1680 845 1783 906 sive
1809 852 2078 916 veritatis,
2118 870 2281 928 quem
2307 851 2407 927 pie·

422 934 589 991 coluit
629 929 827 987 Heberi
863 927 1140 1008 posteritas
1168 974 1186 999 ‚
1239 951 1426 1010 praeter
1460 932 1695 1010 aliquem
1729 931 2001 986 literarum
2028 926 2219 987 sonum
2246 950 2399 987 com-

420 1034 584 1070 mune
607 1011 784 1069 habet.
826 1013 900 1068 Et
924 1011 1044 1090 quis
1069 1010 1263 1069 dixerit
1286 1056 1303 1082 ‚
1345 1035 1374 1070 a
1398 1033 1510 1092 quo
1536 1030 1781 1089 tempore
1807 1008 2028 1088 aliquod
2051 1012 2191 1068 illius
2217 1012 2403 1068 nomi-

422 1097 505 1151 nis
551 1114 756 1150 numen
803 1093 910 1150 coli
943 1089 1008 1148 ab
1046 1094 1310 1171 AEgyptiis
1346 1094 1663 1170 occeperit?
1722 1089 1996 1148 Cherubini
2030 1108 2210 1148 autem
2248 1095 2416 1149 Arcae‘

422 1175 802 1253 propitiatorio
837 1174 1095 1252 operculo
1127 1172 1364 1252 impofiti
1389 1177 1672 1254 Hemptaeis
1695 1171 1798 1225 illis
1824 1170 1998 1248 geniis
2023 1189 2202 1249 neque
2228 1192 2404 1227 nume-

423 1278 478 1311 ro
502 1276 648 1333 pares
675 1253 822 1310 fuere
836 1279 852 1323 3
897 1255 1098 1332 quippe
1123 1252 1233 1309 bini
1259 1254 1514 1311 duntaxat
1537 1276 1549 1308 :
1593 1270 1771 1329 neque
1782 1251 1992 1326 forma3
2035 1267 2206 1329 quum
2232 1273 2405 1330 quan-

426 1338 623 1393 turnvis
658 1337 859 1392 incerta
882 1352 1042 1414 atque
1070 1335 1352 1415 incognita
1374 1331 1535 1392 nobis
1560 1353 1683 1390 vera
1708 1328 2101 1387 Cherubinorum
2127 1330 2286 1388 facies
2312 1332 2417 1403 fit,
2440 1393 2451 1406 ,

424 1417 481 1474 id
515 1437 705 1473 omnes
743 1418 932 1473 norint
956 1459 971 1483 ‚
1026 1437 1203 1493 neque
1229 1421 1472 1471 caninum
1495 1432 1672 1490 neque
1695 1415 2058 1492 accipitrinum
2083 1432 2174 1469 eos
2198 1415 2407 1470 vultum

425 1496 675 1555 habuisse.
764 1494 1231 1574 Qandoquidem
1264 1513 1443 1551 tamen
1480 1495 1539 1549 in
1574 1491 1710 1549 hanc
1740 1512 1886 1548 nunc
1911 1494 2187 1551 materiam
2212 1494 2408 1552 incidi-

428 1600 546 1635 mus
571 1622 586 1647 ‚
632 1597 748 1656 quae
787 1574 824 1632 fi
849 1596 965 1654 quae
990 1577 1087 1632 alia
1110 1593 1402 1632 accuratam
1427 1592 1661 1632 meretur
1684 1575 2204 1632 commentationem
2231 1619 2246 1644 ,
2291 1597 2406 1632 non

431 1678 565 1736 puto
591 1656 758 1715 fraudi
788 1655 948 1712 nobis
976 1654 1074 1712 effe
1101 1654 1293 1713 debere
1319 1700 1335 1726 ‚
1381 1655 1419 1713 si
1444 1659 1500 1713 in
1527 1675 1634 1713 tam
1659 1653 1857 1710 florido
1888 1673 2041 1730 prato
2067 1654 2292 1714 liberius
2309 1658 2407 1713 ali-

432 1729 635 1818 quanto
662 1730 1040 1815 exspatiemur,
1071 1742 1126 1792 &
1150 1738 1564 1816 quos-colligere
1590 1735 1751 1791 licuit
1768 1731 2016 1791 flosculos
2040 1756 2133 1793 eos
2157 1735 2406 1807 ἀφθόνως

435 1841 558 1876 cum
582 1816 900 1875 Lectoribus
927 1816 1119 1874 nostris
1146 1818 1624 1873 communicemus.

515 1905 588 1957 ΙΙ.
640 1900 735 1969 De
770 1898 934 1980 specie
979 1895 1373 1954 cherubinorum
1417 1897 1586 1953 multa
1618 1896 1776 1953 multi
1812 1896 2171 1969 conjectando·
2198 1899 2407 1978 opinati

435 1979 555 2038 sunt
584 2004 596 2037 ε
640 1998 691 2037 at
726 1982 1001 2037 neminem
1030 2001 1117 2035 me
1143 1980 1384 2036 invenire
1410 1978 1637 2035 memini
1662 1978 1757 2056 qui
1781 1978 2123 2054 opinationes
2149 1978 2259 2037 suas
2284 1980 2410 2038 ido-

437 2064 550 2119 neis
582 2062 907 2139 argumentis
932 2060 1209 2118 addixerit.
1265 2060 1392 2116 Nos
1419 2059 1690 2117 videamus
1718 2056 1996 2139 quousque
2022 2081 2087 2116 ex
2113 2063 2407 2141 Scriptura-

435 2163 555 2199 rum
592 2141 947 2199 meditatione
983 2147 1038 2198 δέ
1073 2142 1361 2198 collatione
1397 2137 1659 2219 proficere
1692 2140 1994 2210 valeamus;
2048 2158 2109 2198 ut
2133 2161 2406 2221 appareat,

437 2223 570 2301 quid
594 2241 829 2292 certum,
844 2221 978 2301 quid
1005 2219 1313 2300 probabile,
1328 2226 1382 2277 &
1406 2219 1503 2276 ubi
1530 2219 1763 2299 denique
1787 2217 2172 2280 subsistendum
2198 2222 2261 2281 sit
2282 2244 2411 2281 cum·

438 2302 771 2360 confessione
797 2322 911 2358 non
935 2299 1250 2358 illaudabilis
1274 2301 1607 2381 ignorantiae.

521 2388 620 2438 III.
668 2384 849 2438 Prima
875 2380 1270 2438 Cherubinorum
1294 2385 1504 2440 mentio
1529 2379 1604 2440 est
1631 2385 1688 2441 in
1713 2381 1932 2440 historia
1947 2382 2267 2464 expulsionis
2280 2407 2409 2466 pro*

440 2461 794 2542 toplastor'um
818 2483 881 2518 ex
907 2460 1168 2521 ParadisO.
1227 2462 1373 2521 Gen.
1410 2485 1431 2519 1
1451 2484 1472 2520 1
1492 2484 1538 2520 1.
1572 2484 1661 2542 24.
1706 2463 1934 2539 Instituit
1954 2464 2019 2523 ab
2041 2468 2252 2524 Oriente
2275 2468 2411 2524 horti

438 2545 626 2600 Edem?
666 2541 1014 2600 Cherubinos
1041 2588 1056 2613 ‚
1086 2544 1460 2625 flammamque
1485 2545 1668 2625 gladii
1684 2543 1781 2621 sest>
1814 2544 2074 2604 vibrantis
2096 2592 2112 2617 ,
2155 2548 2230 2605 ad
2251 2547 2412 2628 custo-2

438 2624 683 2682 diendum
705 2630 856 2680 viam
880 2623 1193 2703 quaeferebat
1216 2625 1288 2682 ad
1310 2625 1543 2683 arborem
1560 2633 1691 2683 vitae.
1776 2633 1842 2684 In
1866 2625 2104 2686 confeffo
2120 2629 2268 2708 ¹apud
2290 2651 2413 2688 om·-

438 2726 532 2763 nes
569 2704 643 2762 est
668 2750 684 2776 ‚
729 2727 834 2784 >per
870 2705 1175 2764 Cherubinos
1200 2705 1279 2763 ibi
1303 2710 1544 2791 Angelos
1568 2707 1864 2789 defignari3
1920 2727 1972 2766 at
2035 2731 2100 2765 ua
2123 2708 2298 2769 forma
2320 2733 2414 2792 ap*

441 2788 743 2864 paruerint‚
789 2791 846 2843 &
869 2808 935 2843 an
960 2788 1136 2867 aliqua
1159 2786 1360 2858 forma,
1386 2792 1518 2846 item
1547 2811 1707 2868 quam
1731 2788 1806 2846 ob
1830 2812 1945 2847 rem
1968 2732 2032 2849 iccll
2047 2813 2252 2850 nomen
2280 2797 2412 2851 An«

433 2870 570 2944 gelis
605 2866 870 2925 tribuatur
892 2912 909 2937 ‚
964 2869 1142 2945 Mofi’s
1164 2890 1279 2926 non
1308 2870 1469 2928 dicit..
1542 2872 1632 2928 De
1656 2869 1831 2930 forma
1854 2873 2022 2952 igitur
2043 2874 2248 2954 aliquid
2270 2873 2413 2933 arbi-

442 2950 592 3014 trari,
640 2948 999 3006 divinantium
1023 2948 1125 3007 est:
1165 2949 1315 3031 quod
1338 2974 1438 3009 nos
1464 2974 1578 3010 non
1603 2952 1872 3011 audemus.
1945 2955 2208 3034 Aliquam
2231 2974 2424 3015 tamenv

439 3024 668 3084 formam
694 3028 1029 3109 conspectam
1053 3029 1152 3088 effe
1177 3076 1193 3101 ‚
1250 3053 1365 3090 non
1389 3031 1463 3090 est
1487 3032 1843 3113 improbabile
1866 3058 1883 3104 3
1936 3054 2158 3115 propter
2183 3036 2239 3096 id
2265 3037 2417 3120 quod

438 3108 645 3168 additur
671 3109 733 3168 de
757 3111 987 3170 ardentis
999 3111 1179 3191 gladii
1201 3111 1410 3174 vibrata
1436 3116 1654 3175 lamina.
1683 3117 1945 3194 Qamvis
1971 3122 2026 3176 δι’
2052 3117 2187 3198 quid
2205 3139 2271 3177 ¹ea
2293 3116 2413 3178 fue-

2345 3200 2414 3258 rit
