2539 3612
407 141 540 226 306
1033 126 1789 191 Pkoroous.

405 293 532 364 que
563 285 775 335 tamen
804 255 1026 329 eadem
1055 257 1269 322 omnia
1301 246 1628 318 vobiscum
1678 244 1822 315 dico
1856 278 1870 314 ε
1919 267 2122 336 neque
2164 245 2392 318 eodem

406 359 652 435 mod0,
702 372 813 421 aut
844 346 1079 416 ordine.
1169 350 1251 411 Et
1282 340 1431 409 licet
1456 337 1722 409 eandem
1740 336 2017 406 insistam
2046 346 2250 417 viam,
2298 340 2395 408 est

411 473 625 522 tamen
655 444 764 512 ubi
794 438 1017 532 paullo
1046 432 1300 505 seorsim
1331 432 1541 500 abiens
1571 439 1633 500 in
1664 430 1862 499 alium
1899 428 2144 497 declino
2174 439 2392 501 trami-

414 565 561 611 tem.
656 543 881 627 Quam
927 529 1283 599 libertatem
1330 532 1440 615 qui
1488 522 1750 590 eruditis
1792 521 2118 590 ademtum
2144 529 2226 598 it,
2276 531 2330 590 is
2359 547 2397 593 e

415 636 644 701 Senatu
660 626 820 695 illud
836 620 1317 713 receptissimum
1340 671 1354 693 ‚
1378 619 1570 707 QUI
1608 621 1670 681 A
1686 620 1783 681 LI
1801 621 1862 680 Α
1907 616 1971 680 Ο
1990 618 2071 680 M
2092 616 2152 680 N
2169 620 2196 680 I
2213 619 2273 678 A
2297 668 2312 690 ‚
2330 617 2396 684 &

416 724 637 793 eadem
669 742 866 809 opera
892 715 1088 782 solem
1121 736 1158 779 e
1187 708 1354 776 coelo
1384 706 1588 775 tollat.
1683 704 1891 772 Vobis
1921 703 2178 794 quidem
2206 705 2395 775 vestri

413 820 624 905 operis
653 831 845 899 atque
862 804 1096 872 ordinis
1127 800 1456 868 constitere
1484 804 1776 865 rationes.
1827 795 1998 864 Mihi
2027 820 2180 864 vero
2201 797 2398 886 potis-

409 906 643 974 simum
679 901 806 969 hoc
841 896 965 965 fuit
992 889 1395 986 propositum
1422 910 1497 959 ut
1523 897 1832 978 integram
1868 887 2087 955 decem
2115 887 2398 957 tribuum

408 996 652 1065 Israelis
694 992 1023 1060 historiam
1057 1042 1081 1064 ,.
1121 993 1187 1053 in.
1227 1004 1427 1051 certas
1458 988 1763 1073 partitam
1794 977 2093 1067 periodos
2127 1033 2142 1055 ‚
2194 988 2406 1048 conti--

407 1113 661 1180 nuaque
689 1087 836 1153 serie
855 1081 1139 1171 junc'tam
1164 1132 1178 1155 ‚
1216 1096 1527 1165 quantum
1556 1069 1814 1160 quidem
1844 1069 2013 1137 illius
2046 1069 2181 1139 fieri
2214 1091 2396 1160 pote-

410 1200 512 1250 rat
531 1217 569 1259 ’‚
602 1179 682 1246 ad
712 1172 1044 1243 candidam
1075 1169 1315 1238 calcem
1347 1165 1640 1232 fisterem.
1715 1160 1792 1228 Id
1821 1168 2068 1229 interim
2098 1183 2409 1231 accurans:

409 1292 487 1342 ut
533 1294 669 1363 quae
705 1268 782 1335 de
818 1264 1071 1355 singulis
1099 1257 1377 1353 periodis
1404 1256 1575 1323 sacra
1602 1272 1825 1323 vatum
1859 1261 2137 1321 carmina
2166 1263 2404 1324 cecine-

409 1391 480 1436 re
509 1421 525 1445 ‚
574 1388 651 1433 ea
679 1384 826 1428 cum
851 1358 993 1448 ipso·
1013 1377 1222 1423 rerum
1260 1369 1488 1417 eventu
1516 1345 1937 1435 confligerem.
2035 1344 2224 1414 Unde
2251 1346 2395 1436 plu-

410 1466 582 1527 rimae
629 1452 783 1521 mihi
824 1445 1200 1539 exponendae
1242 1442 1495 1508 fuerunt
1534 1436 2018 1528 prophetiarum
2045 1445 2395 1530 pericopae,

410 1558 646 1641 partim
675 1541 932 1634 quidem
965 1564 1000 1605 a
1029 1536 1212 1607 vobis
1244 1530 1534 1608 attacs'cae3
1581 1527 1686 1596 sed
1719 1529 1783 1594 &
1815 1537 2092 1616 partim,
2127 1538 2275 1617 quia
2308 1528 2395 1598 fic

413 1640 656 1708 ferebat
684 1635 948 1705 instituti
979 1630 1167 1698 vestri
1196 1633 1360 1692 ratio
1390 1674 1405 1697 ‚
1458 1644 1496 1685 a
1524 1642 1667 1685 mea
1695 1619 2162 1706 aliquantulum
2195 1619 2398 1688 diver-

414 1734 510 1809 sa,
562 1748 734 1803 certo
758 1723 998 1811 judicio
1026 1715 1288 1794 omiffae3
1335 1717 1571 1802 partim
1598 1716 1793 1776 etiam
1814 1762 1829 1786 ‚
1875 1709 2052 1798 quod
2081 1710 2288 1779 vestra
2317 1708 2405 1780 fit*

413 1823 659 1891 fastum
690 1839 879 1909 pace,
929 1810 1155 1903 paullo
1187 1807 1368 1875 aliter
1397 1797 1712 1892 expofitae.
1808 1799 2149 1892 Quidquid
2177 1821 2399 1871 autem·

411 1915 535 1982 hac
565 1922 627 1981 in
657 1929 837 2001 parte
870 1931 908 1973 a
936 1928 1039 1971 me
1068 1901 1160 1971 est
1190 1897 1568 1990 praestitum,
1602 1891 1669 1960 id
1699 1889 1881 1969 Tibi,
1909 1894 2051 1959 A'D
2069 1897 2245 1961 RIA
2263 1897 2326 1964 N
2342 1903 2405 1966 E.

412 2005 765 2074 Clariffime
792 2054 806 2077 ‚
875 1993 1245 2066 censendum
1287 1982 1849 2076 corrigendumque
1877 1981 2119 2057 offero:
2170 1989 2272 2056 Te
2291 1996 2394 2078 ju-

411 2099 618 2168 dicem
648 2090 950 2184 exposco..
1035 2090 1147 2154 Tu
1178 2077 1573 2150 arbitraberis

593 2189 819 2278 ‘Opera
852 2179 1028 2247 nobis
1061 2177 1193 2244 haec
1223 2170 1439 2240 inanis
1472 2191 1555 2235 cm
1583 2169 1650 2235 in
1681 2167 1860 2252 ustam
1891 2168 2169 2258 impense}
2182 2171 2297 2256 sit,

411 2289 497 2351 Et
535 2303 729 2370 quam
760 2272 961 2342 fecisti
990 2267 1146 2337 mihi
1176 2267 1350 2358 spem
1381 2317 1398 2341 ‚
1446 2259 1587 2329 fore
1612 2281 1686 2328 ut
1713 2268 1939 2329 iterata
1971 2285 2121 2329 cura
2151 2262 2392 2333 austio-

411 2397 511 2443 res
555 2369 737 2438 nobis
783 2365 861 2434 de
901 2361 1027 2429 hoc
1057 2375 1428 2451 argumento
1458 2352 1924 2422 lucubrationes
1955 2373 2098 2421 tuas
2130 2353 2358 2426 reddas
2378 2412 2403 2439 ,.

415 2492 491 2535 ea
535 2484 599 2532 te
629 2459 755 2529 fide
784 2477 859 2525 ut
887 2460 1262 2546 quantocius
1289 2447 1576 2520 exsolvas
1608 2501 1622 2524 ,
1687 2445 2037 2537 eademque
2064 2469 2259 2537 opera
2288 2473 2397 2523 me

417 2558 532 2626 ubi»
573 2553 943 2622 aberravero
985 2555 1045 2614 in
1086 2553 1257 2614 viam
1300 2562 1557 2612 revoces
1587 2594 1603 2617 ‚
1651 2547 1846 2607 etiam
1884 2559 1950 2607 te
1980 2559 2170 2630 atque
2198 2548 2398 2611 etiam

420 2647 725 2717 obtestor.
819 2648 1037 2709 Liceat
1064 2636 1218 2705 mihi
1248 2635 1376 2707 haec
1403 2630 1665 2726 praefato
1695 2632 1830 2723 ipsa
1858 2655 2020 2700 nunc
2055 2656 2263 2702 rerum
2285 2657 2392 2703 ca·

419 2749 558 2835 pita
584 2744 873 2832 partitim
899 2753 1236 2824 exponere.

2062 3096 2107 3144 Δ
2148 3097 2183 3143 Ε
2224 3088 2396 3162 1¹1.qu
