2539 3612
536 109 1576 190 TR1BUnUslsRAELrs.CAP.
1635 117 1748 176 IV.
2002 142 2110 199 341

138 232 217 280 ἔφ’
245 223 299 279 in
321 219 617 280 civitatibus
641 220 853 277 Mediae.
886 239 935 275 2.
961 219 1103 298 Reg.
1119 238 1220 275 xvi
1241 236 1261 271 1
1287 240 1300 273 t
1327 224 1381 272 6.
1408 217 1532 273 Fuit
1555 215 1620 273 ab
1645 218 1875 297 antiquo
1900 219 1942 274 is
1966 227 2109 299 regi-

135 301 234 360 bus
276 326 420 373 m03,
463 321 649 382 gentes
690 322 789 379 pro
825 298 1068 357 lubidine
1104 297 1208 355 huc
1247 299 1372 354 illuc
1400 295 1710 369 transferre,
1755 299 2023 376 pecudum
2050 302 2110 359 in

135 405 371 453 morem,
415 405 541 463 quas
577 379 806 461 pastores
842 401 986 436 nunc
1020 381 1078 436 in
1113 378 1410 456 hybern03‚
1456 400 1600 435 nunc
1636 381 1692 436 in
1724 378 1927 437 aestivos
1953 379 2108 439 saltus

133 466 417 538 trajiciunt.
504 470 582 520 Ita
606 464 755 519 enim
780 462 1000 539 ingenia
1022 462 1351 538 populorum
1376 462 1755 530 emolliuntur,
1801 479 2106 518 mutantur-

137 565 243 622 que
273 590 288 615 ,
343 550 398 600 &
426 547 519 623 qui
544 546 602 600 in
638 542 730 600 suo
770 541 884 597 solo
912 541 1199 619 quodlibet
1234 540 1431 597 audent
1455 583 1469 608 ,
1513 541 1708 618 placidi
1733 544 2013 621 quietique
2043 547 2103 602 in

132 625 308 681 alieno
346 624 480 682 sunt.
567 626 652 681 Sic
687 623 928 680 Romani
961 627 1215 700 ngurczs,
1260 621 1535 677 montium
1571 620 1765 679 fiducia
1804 623 1985 700 saepius
2021 646 2104 681 re.

132 700 413 774 bellantes,
456 707 513 762 in
547 707 728 784 plana;
773 706 959 758 Cilicas
996 704 1189 780 piratas
1202 745 1218 770 ,
1262 724 1291 757 a
1326 698 1615 779 conspectu
1652 706 1807 759 maris
1834 701 2099 776 semotOS,

127 785 186 840 in
222 786 601 844 mediterranea
636 788 752 843 loca
774 782 1167 862 ablegaverunt.
1210 782 1424 839 Eodem
1449 781 1673 839 consilio
1698 783 1970 863 Babylonii
1992 786 2105 864 Ju-

125 863 276 935 daeos,
320 872 376 922 &
415 889 559 924 nunc
595 869 790 952 Affy'rii
825 866 1083 941 Israb'lz’tas
1121 885 1148 919 e
1173 865 1339 943 patria
1369 865 1545 919 exules
1570 865 2003 936 transvexerunt,
2042 884 2105 925 ut

126 965 225 1024 pro
251 947 494 1027 Jordane
517 947 828 1031 Euphratem
856 946 1157 1024 Tigrimque
1180 944 1448 1002 biberent.

208 1033 280 1084 11.
308 1035 476 1086 Porro
505 1032 561 1087 in
590 1050 701 1108 quo
725 1025 935 1107 praecise
964 1027 1130 1082 tra&u
1155 1025 1560 1105 deportatorum
1586 1026 1930 1084 Israelitarum
1955 1051 2105 1087 man-

124 1106 299 1167 fioncs
323 1109 554 1180 fuerint,
601 1116 654 1165 &
682 1108 877 1189 quibus
902 1106 1219 1165 nominibus
1244 1108 1357 1164 aliis
1388 1129 1415 1163 e
1442 1105 1622 1163 seculo
1644 1106 1990 1186 scriptoribus
2015 1110 2107 1167 de-

123 1187 426 1267 signentur,
471 1190 789 1270 Geographi
826 1206 1056 1258 certant,
1100 1194 1154 1245 &
1179 1187 1348 1246 adhuc
1374 1186 1469 1244 sub
1493 1188 1669 1263 judice
1698 1190 1764 1245 lis
1787 1187 1877 1245 est.
1965 1192 2105 1248 Non

120 1269 271 1327 lubet
294 1293 390 1348 per
413 1271 614 1350 singula
641 1275 746 1340 ire,
792 1270 941 1350 quod
966 1271 1046 1326 uti
1071 1267 1358 1327 molestum
1386 1267 1577 1339 nobis,
1624 1272 1695 1327 ita
1722 1269 1998 1329 taediosum
2026 1274 2105 1329 le-

117 1350 255 1406 ctori
281 1351 440 1408 foret.
508 1359 617 1408 Prae
645 1354 842 1407 caeteris
866 1351 1002 1406 mihi
1027 1356 1200 1407 Grotii
1222 1372 1279 1408 ac
1315 1349 1564 1407 Bocharti
1588 1349 1849 1408 sententia
1875 1353 2100 1413 arridet:
2127 1367 2278 1421 phaleg.
2302 1366 2375 1412 lits,

121 1433 209 1488 cui
260 1435 456 1489 merito
496 1429 738 1510 displicet
776 1434 833 1487 in
872 1430 1164 1485 Colchidem
1201 1437 1255 1487 &
1294 1430 1546 1500 Iberiam,
1590 1434 1675 1489 vel
1700 1435 1757 1489 in
1785 1436 2104 1492 Armeniam
2126 1434 2318 1517 {4}sssssp

119 1513 421 1583 minorem,
465 1515 552 1570 vel
589 1515 646 1569 in
682 1513 933 1569 ultimam
963 1509 1222 1591 Scythiam
1259 1532 1352 1567 eos
1381 1512 1633 1589 relegari,
1687 1535 1826 1592 quos
1849 1512 2105 1595 scriptura
2209 1505 2221 1516 ⁶

117 1591 250 1650 dicit
284 1593 512 1673 expresse
550 1592 788 1672 migrasse
829 1595 886 1649 in
910 1595 1178 1673 Afflriam
1203 1605 1281 1649 (9⁸
1308 1590 1596 1648 Medorum
1618 1591 1774 1650 urbes.
1859 1596 2104 1655 Maxime

118 1695 289 1752 quum
325 1678 381 1732 in
423 1677 657 1756 Affiria,
703 1675 787 1730 vel
824 1676 881 1730 in
907 1672 1104 1728 Mediae
1125 1691 1271 1750 parte
1296 1675 1346 1728 ei
1371 1674 1583 1740 vicina,
1629 1677 1961 1753 reperiantur
1984 1680 2103 1737 loca

116 1755 434 1812 nominibus
470 1757 713 1834 proxime
758 1756 859 1810 illis
895 1753 1196 1810 accedentia
1232 1774 1348 1832 quae
1390 1756 1448 1810 in
1489 1753 1625 1810 sacra
1645 1753 1865 1813 historia
1887 1781 2103 1817 memo-

115 1854 325 1894 rantur:
370 1858 563 1914 nempe
591 1836 696 1894 η’ἠη
729 1834 956 1892 Chalach
978 1878 992 1904 ,
1035 1853 1149 1894 avan
1177 1832 1401 1905 chabor,
1447 1840 1502 1891 &
1530 1853 1607 1913 1172
1632 1840 1837 1897 Gozan.
1870 1839 2100 1899 Chalach

114 1914 189 1972 est
212 1921 468 1974 Ptolomaei
492 1916 783 1973 Calazchena
808 1916 874 1974 ad
896 1918 1218 1994 Aquilonem
1243 1917 1467 1998 Asffiriae.
1499 1922 1544 1971 C
1544 1915 1699 1973 habor
1723 1916 1956 1991 ejusdem
1977 1927 2102 1978 Pto-

114 1998 275 2054 lomaei
312 1997 386 2054 est
421 2002 445 2054 0‘
482 1999 723 2072 Χοιζξοίροις
767 1996 824 2052 τὸ
862 1993 987 2072 2552&
1009 2041 1026 2066 ,
1068 2018 1210 2053 mons
1249 1995 1532 2067 Chabaraes,
1591 2000 1732 2055 inter
1755 1999 2010 2057 Mediam
2039 2007 2098 2060 &

112 2081 389 2163 Affjsriam.
470 2084 526 2138 A
568 2100 680 2159 quo
715 2096 903 2136 monte
942 2076 1007 2135 ad
1044 2099 1186 2134 mare
1230 2077 1463 2158 Caspium
1497 2078 1749 2136 euntibus
1773 2080 1956 2138 medio
1981 2082 2098 2141 fere

114 2157 289 2238 spatio»
320 2164 554 2218 occurrit
589 2165 872 2220 Gauzania
909 2157 1065 2228 urbs,
1110 2158 1167 2215 id
1189 2157 1264 2215 est
1289 2163 1506 2230 Gozcm,
1553 2163 1696 2216 inter
1717 2160 1857 2218 duos
1879 2167 1997 2243 Cyri
2018 2166 2096 2222 al-

111 2262 241 2298 veos
265 2286 281 2311 ,
325 2263 486 2320 quam
518 2243 734 2320 regioni
770 2247 824 2297 &
859 2239 1027 2297 fluvio
1063 2240 1314 2318 proximo
1358 2261 1564 2297 nomen
1590 2240 1782 2299 dedisse
1809 2243 2095 2302 verisimile

114 2320 189 2377 est
213 2367 228 2391 ,
273 2340 556 2402 antequam
592 2321 671 2379 ibi
696 2323 944 2380 locorum
967 2320 1129 2379 Persae
1157 2320 1567 2378 dominarentur
1588 2365 1604 2391 ,
1651 2320 1680 2376 a
1709 2321 1912 2400 quibus
1939 2329 2092 2404 Cyrm

111 2401 220 2460 dici
256 2406 424 2480 coepit
456 2401 550 2460 iste
579 2405 787 2472 amnis,
828 2421 889 2461 ut
913 2404 1121 2461 vicinus
1144 2403 1274 2459 alter
1303 2400 1556 2485 Cambyses
1577 2446 1599 2473 ,
1641 2403 1698 2459 in
1722 2405 1947 2481 gratiam
1976 2411 2099 2487 Cyri

111 2488 167 2540 δε
197 2483 460 2564 Cambyfis.
513 2491 620 2542 Pro
647 2483 843 2542 Media
882 2505 904 2541 1
929 2483 1060 2541 Chr.
1079 2505 1128 2541 v.
1151 2490 1240 2540 26.
1267 2483 1340 2541 est
1363 2486 1542 2541 Hatra..
1628 2483 1850 2563 Nempe
1875 2486 2092 2558 Media,

112 2566 274 2622 etiam
300 2565 504 2622 Graecis
529 2567 633 2623 alio
659 2568 882 2623 nomine
909 2569 1089 2635 Aria,
1115 2569 1169 2621 &
1196 2564 1353 2623 Medi
1378 2568 1516 2622 Arii
1537 2566 1893 2643 appellantur,
1920 2565 2092 2646 adspi-

109 2647 318 2702 ratione
346 2648 601 2725 neglechi.
629 2645 921 2703 Herodotus
947 2649 1004 2704 in
1028 2650 1314 2726 Polymniae.
1348 2649 1428 2702 ‘Oc
1456 2651 1618 2708 Μῆδοι
1645 2645 1881 2702 ὲκωλὲωῆο
1907 2647 2085 2704 πάλαι

107 2724 235 2802 weda·
268 2723 466 2785 πάντων
496 2729 663 2808 ”Agnou
745 2727 908 2784 Medi
938 2727 1194 2808 qnondam
1230 2725 1295 2785 ab
1333 2725 1560 2785 omnibus
1596 2729 1736 2783 Arii
1758 2726 2090 2809 appellabam

103 2823 202 2865 tur.

191 2894 292 2947 ΙΙΙ.
336 2888 498 2947 Nihil
532 2888 822 2948 admodum
851 2888 1226 2969 transportatio
1252 2889 1346 2947 ista
1369 2889 1432 2947 ad
1461 2887 1867 2947 conversionem
1890 2911 2084 2950 eorum

109 2973 275 3029 valuit
296 3016 313 3041 ,
357 2992 457 3032 nec
496 2969 744 3029 effcistum
781 2992 841 3028 ea
872 2969 951 3033 est
975 3015 991 3041 ,
1037 2989 1097 3027 ut
1133 2969 1325 3045 faciem
1362 2973 1515 3041 Dei,
1559 2991 1724 3050 quem
1752 2971 1809 3027 in
1834 2988 1970 3029 terra
1995 2971 2086 3031 sua

112 3054 287 3113 colere
320 3052 663 3134 neglexerant
690 3096 706 3127 ‚
749 3055 808 3114 in
843 3053 1138 3134 peregrinis
1175 3051 1491 3130 regionibus
1516 3069 1826 3133 quaererent.
1882 3053 2082 3112 Ezech,

1151 3135 1209 3194 V
1236 3154 1270 3193 v
1316 3154 1342 3213 3
1894 3155 2093 3195 xxxvx,
