2539 3612
441 132 556 211 Δῑςὸ
966 138 1936 196 AEGYPTIAcoRuM

441 245 608 288 tatem
636 233 882 311 proxime
908 235 1172 294 accedere.
1229 242 1421 317 Qum
1445 237 1596 294 enim
1625 235 1690 293 de
1716 235 1884 315 Iride,
1927 237 2174 312 Eleffcm,
2216 241 2420 307 Firma..

411 331 664 383 smentO,
710 312 1072 395 similibusque
1099 316 1257 375 rebus
1282 339 1400 398 quae
1425 319 1642 398 proprie
1654 316 1857 394 faciem
1880 341 1995 378 non
2018 319 2247 393 habent,
2282 331 2420 384 Pro-

445 391 607 470 pheta
627 395 896 474 quuitur,
931 395 1177 457 attribuit
1199 399 1421 480 q'uidem
1444 401 1507 457 iis
1535 418 1694 459 rure-m
1714 402 1957 479 visionem
1982 399 2087 461 five
2110 401 2419 487 adspecslum,

444 478 500 529 δε
524 495 668 533 ram-1
678 476 1076 552 similitudinem
1092 523 1108 550 ,
1152 503 1268 539 non
1295 483 1426 539 item
1455 484 1817 559 :2⁹29faciem.
1905 484 2076 563 Qod
2099 498 2420 565 argumento

441 553 517 610 est
544 599 560 624 ,
618 577 760 612 eum·
778 553 874 614 hac
909 577 1055 634 voce,
1080 562 1137 618 in
1163 560 1414 620 strictiori
1437 585 1581 621 nunc
1607 561 1997 643 significatione
2020 568 2117 623 uti.
2203 569 2278 625 Et
2299 567 2421 626 sane

441 637 751 694 animalium
773 634 991 696 suortun
1002 643 1177 717 facies
1204 645 1276 701 ita
1300 643 1548 723 depingit
1571 690 1588 715 ,
1632 662 1692 701 ut
1715 664 1811 723 per
1835 641 1917 701 eas
1942 667 2057 702 non
2089 645 2217 703 ’κᾶν
2243 694 2260 720 ,
2303 668 2419 707 non

437 717 546 769 alas
574 760 590 785 ,
635 738 748 776 non
784 723 994 799 ungulae
1019 766 1035 791 ,
1067 721 1167 781 sed
1205 728 1380 782 vultus
1415 723 1465 781 se
1499 727 1801 806 intelligere
1827 724 2017 783 diserte
2066 730 2161 784 atis
2187 729 2418 788 doceatt

438 815 607 873 quum
643 796 837 858 faciem
862 805 1027 857 Bovis
1053 826 1081 860 a
1092 805 1312 882 sinistris
1335 851 1352 877 ,
1409 804 1601 865 faciem
1629 812 1816 864 Leonis
1839 828 1867 862 a
1888 806 2089 865 dextris
2115 804 2266 868 fuisse
2292 810 2418 868 affe-

436 894 596 933 verat.
685 881 816 938 Hoc
855 885 1004 940 enim
1031 883 1096 941 de
1119 880 1259 959 jubis
1284 892 1338 945 &
1365 890 1584 967 ungulis
1607 888 1714 946 dici
1740 890 1933 967 nequit
1956 930 1975 961 ,
2030 910 2146 970 quae
2173 894 2336 948 Leoni
2360 910 2420 948 ac

435 960 495 1012 V
488 961 613 1014 z‘tulo
640 975 748 1017 tam
772 984 801 1018 a
824 961 1019 1020 dextris
1043 986 1206 1044 quam
1230 990 1258 1024 a
1283 966 1497 1025 sinistris
1526 966 1661 1026 sunt.
1718 969 1953 1027 Accedit
1977 971 2128 1050 quod
2152 974 2280 1041 alaS,
2324 993 2422 1050 pe-

437 1037 526 1094 des
551 1083 566 1110 ,
612 1041 798 1099 manus
825 1087 841 1114 ,
885 1066 914 1100 a
937 1042 1206 1118 faciebus,
1250 1047 1495 1106 distincta
1520 1050 1907 1130 descriptione,
1953 1069 2130 1128 aperte
2156 1051 2420 1110 discrimi-

436 1137 545 1177 net.
2146 1198 2151 1202 .

516 1206 637 1261 ΧΠ.
694 1210 905 1265 Verum
954 1211 1233 1267 enimvero
1273 1210 1655 1289 qualiscunque
1692 1208 1875 1290 figurae
1910 1209 2206 1290 monstrosa
2245 1210 2419 1272 isthaec

434 1285 727 1343 animantia
749 1285 954 1347 fuerint
963 1314 980 1360 3
1009 1311 1124 1347 non
1151 1309 1333 1348 tamen
1358 1293 1486 1371 quia
1510 1289 1816 1361 Cherubinos
1839 1291 2088 1352 Ezechiel
2109 1313 2416 1372 nuncupat,

434 1365 626 1423 exinde
662 1365 902 1447 sequitur
925 1416 940 1439 ,
1001 1370 1308 1429 Cherubinos
1343 1393 1469 1428 arcae
1504 1370 1786 1450 impositos
1816 1378 1873 1428 ὃ(
1899 1374 1957 1428 in
1983 1371 2332 1449 Tabernaculo
2356 1395 2415 1432 ac

430 1445 638 1528 Templo
674 1450 848 1526 pictos
887 1450 1107 1507 fiRosve
1144 1452 1371 1509 eandem
1399 1451 1632 1531 speciem
1654 1450 1907 1510 habuiffe.
1998 1454 2199 1534 Neque
2226 1476 2286 1511 ea
2309 1453 2417 1514 fuit

427 1528 716 1586 Ezechiel&
754 1551 906 1590 mens
931 1576 948 1601 ,
1001 1550 1063 1588 ut
1098 1533 1453 1608 Mosaicorum
1490 1531 1886 1604 Cherubinorum
1909 1532 2143 1593 formam
2166 1535 2415 1606 doceret,

430 1628 600 1684 quum
635 1609 684 1666 se
721 1610 943 1669 demum
979 1612 1287 1692 cognovisse
1323 1613 1541 1671 testatur
1577 1615 1727 1694 quod
1753 1635 1871 1694 quae
1894 1615 2098 1673 viderat
2122 1619 2414 1677 animantia

432 1687 724 1747 Cherubim-
743 1691 921 1751 effent.
981 1695 1116 1773 Cap.
1143 1717 1192 1751 x.
1225 1715 1313 1752 20.
1370 1700 1492 1752 Imo
1519 1697 1851 1753 contrarium
1878 1697 2060 1773 potius
2086 1696 2211 1754 inde
2236 1695 2414 1756 confi-

432 1770 551 1825 cias.
624 1772 779 1850 Qid
814 1777 961 1832 enim
997 1773 1172 1833 obstat
1196 1797 1307 1855 quo
1334 1777 1514 1832 minus
1540 1777 1599 1832 in
1626 1777 1800 1853 prima
1824 1797 1953 1839 mox
1978 1773 2189 1834 visione
2216 1776 2412 1835 Cheru-

428 1849 662 1909 binorum
683 1846 915 1914 formam
940 1858 1349 1936 recognoverit,
1376 1874 1487 1914 tam
1511 1855 1786 1928 nobilem,
1813 1874 1922 1915 tam
1946 1856 2274 1927 notabilem,
2301 1876 2411 1921 tam

431 1949 620 1991 notam
645 1934 880 2017 denique
904 1958 973 1996 eo
998 1955 1244 2016 tempore
1269 1982 1284 2007 ,
1329 1942 1386 1994 δε
1410 1960 1572 2018 quam
1598 1958 1761 1995 nemo
1785 1959 1901 1994 non
1925 1937 2270 2017 Judaeorum,
2313 1939 2414 2000 {al-

435 2030 544 2070 tem
571 2014 932 2089 sacerdotum,
948 2022 1117 2099 qualis
1141 2018 1389 2079 Ezechiel
1414 2038 1552 2088 erat,
1569 2021 1626 2076 in
1648 2020 1838 2096 templi
1862 2018 2152 2097 parietibus
2167 2043 2224 2078 ac
2237 2025 2410 2100 portis

432 2097 680 2171 quotidie
715 2099 969 2157 cernebat
991 2106 1014 2159 ?
1059 2101 1295 2173 Adeone
1330 2114 1461 2158 ‘tunc
1487 2101 1575 2157 illa
1599 2098 1916 2180 ignorabilis
1941 2119 2051 2158 erat
2076 2145 2107 2175 ,Ι
2137 2121 2199 2159 ut
2224 2105 2409 2163 iterata

435 2174 639 2235 visione
664 2199 802 2258 opus
828 2181 991 2239 fuerit
1015 2183 1080 2239 ad
1106 2183 1281 2241 ideam
1295 2182 1436 2238 illius
1450 2180 1730 2260 Prophetae
1743 2183 2405 2261 animossingenerandam?

433 2260 554 2332 Qui
577 2258 767 2330 facieS,
792 2263 923 2331 alaS,
946 2262 1109 2341 pedes
1132 2260 1255 2342 post
1277 2263 1517 2340 primum
1542 2262 1898 2340 conspeetum‘
1913 2267 2287 2333 tam'accurate
2311 2266 2407 2325 de«

435 2337 658 2396 lineavit
679 2383 695 2409 ,
740 2343 784 2397 is
820 2362 935 2399 non
968 2346 1212 2420 potuerit
1236 2361 1345 2400 tam
1370 2342 1595 2402 insolitae
1622 2342 1818 2424 speciei
1841 2345 2131 2403 animantia
2155 2344 2407 2406 conferre

435 2438 559 2476 cum
583 2416 944 2501 formasquam
968 2425 1162 2481 millies
1189 2426 1246 2481 in
1271 2427 1477 2504 templo
1504 2428 1675 2484 oculis
1697 2425 1800 2485 suis
1822 2425 2158 2506 usurpaverat
2181 2434 2204 2485 ?
2250 2429 2405 2508 Qid

433 2506 603 2579 crgo?
633 2503 772 2559 Non
799 2503 1056 2584 defigurae
1078 2504 1275 2563 differit
1303 2507 1552 2567 Ezechiel
1574 2552 1590 2578 ,
1635 2531 1805 2588 quum
1827 2506 1878 2565 se
1905 2507 2211 2565 Cherubinos
2232 2530 2405 2588 agno-

431 2579 557 2638 viffe
583 2602 794 2651 narrat-3
839 2582 928 2642 sed
951 2585 1017 2644 de
1042 2607 1097 2643 re
1121 2607 1218 2666 per
1245 2588 1704 2672 Hieroglyphicum
1729 2590 1862 2648 illud
1885 2588 2187 2669 symbolum
2198 2590 2404 2671 sigmfi-

431 2679 568 2720 cata.
595 2664 657 2722 Id
680 2663 879 2723 scilicet
902 2665 1363 2746 deprehendebat,
1376 2669 1643 2728 mirabilia
1666 2671 1760 2729 ista
1772 2673 2090 2741 animantia,
2104 2693 2222 2751 quae
2235 2695 2404 2754 quor*-

433 2738 546 2801 sum
572 2765 696 2803 cum
721 2746 1029 2828 prodigiosa
1051 2749 1332 2829 suaspecie
1356 2753 1639 2830 tenderent
1661 2753 1894 2812 necdum
1918 2755 1990 2810 ita
2014 2753 2406 2813 animadverte⁴

431 2843 538 2894 rat,
583 2848 669 2897 ea,
715 2831 968 2909 inquam,
1004 2853 1150 2891 nunc
1178 2831 1608 2913 deprehendebat
1631 2834 1927 2894 coelestium
1951 2838 2279 2915 Angelorum
2300 2836 2402 2914 esse

430 2906 758 2966 emblemata:
787 2911 1041 2993 idemque
1064 2935 1160 2994 per
1182 2935 1242 2971 ea
1265 2912 1302 2972 s1
1343 2914 1549 2973 nificari
1573 2917 1724 2998 quod
1747 2939 1842 2997 per
1863 2915 2029 2975 sacros
2051 2921 2242 2999 templi
2269 2917 2398 2976 Che⁴

425 2985 644 3047 rubinos.
689 2993 828 3050 Non
853 2988 1032 3053 autern
1056 3017 1174 3077 quae
1200 3001 1285 3071 eju
1311 2997 1433 3056 dem
1456 2999 1534 3054 rei
1557 2997 1793 3078 symbola
1815 2997 1962 3072 sunt,
1980 3021 2039 3057 ea
2062 3020 2285 3081 quoque
2309 3004 2398 3062 in-

420 3082 509 3126 ter
530 3069 579 3130 se
606 3074 781 3133 exafia
803 3074 1149 3137 similitudine
1174 3081 1465 3140 convenire
1489 3079 1690 3141 neceffe
1717 3079 1805 3138 est.
1841 3092 1849 3133 ’.
1902 3080 1906 3083 ’
2278 3166 2336 3222 V

2086 3166 2232 3221 XIII.
2336 3185 2392 3223 e·-
