2539 3612
736 173 785 231 L
829 192 851 232 1
894 175 1072 233 13.11.
1160 171 1213 231 C
1258 193 1300 234 A
1345 192 1395 233 p.
1452 176 1636 233 XIH.
2056 198 2166 265 169

191 274 321 334 &im
348 275 629 354 competit.
718 275 823 332 Sed
848 296 964 354 quae
988 274 1312 355 sequuntur,
1344 276 1580 336 habentes
1593 280 1792 360 quisque
1820 283 2048 343 citharas
2064 303 2171 347 &z-

175 361 234 414 δέ
261 380 398 415 com.
425 378 479 430 9.
523 361 593 411 Et
625 372 817 412 canunt
851 362 1111 413 canticum
1146 380 1337 415 novum
1376 373 1497 417 (fc.
1546 384 1661 419 non
1688 366 1940 444 cogimur
1963 368 2028 424 de
2055 371 2169 428 aliis

173 459 336 516 quam
372 436 436 494 de
472 437 672 514 viginti
696 454 928 515 quatuor
953 435 1255 496 senioribus
1292 442 1608 520 intelligere.
1697 445 1848 502 Nam
1877 450 2170 508 Seniorum

174 519 279 579 five
314 515 724 595 Praepositorum
750 515 854 586 est,
898 518 1141 575 Ecclesiae
1179 521 1238 576 in
1265 519 1593 580 celebrandis
1618 527 1731 581 Dei
1756 527 2000 586 laudibus
2013 534 2167 610 praei-

173 623 260 668 re,
300 601 381 672 uti
416 598 552 654 olim
590 595 860 655 faciebant
889 602 1121 671 Levitae‚
1166 599 1378 658 citharis
1405 601 1623 682 aliisque
1656 604 2020 668 instrumentis
2045 634 2168 670 mu-

170 682 285 740 ficis
312 676 570 737 instructi.
656 679 975 737 Eorundem
1002 679 1106 751 est,
1150 702 1331 760 preces
1357 682 1601 741 fidelium
1629 686 1832 745 deferre
1859 689 1922 748 ad
1947 693 2164 764 Deum,

136 790 138 792 ·
168 762 321 826 ficuti
343 759 635 818 sacerdotes
660 761 797 817 olim
818 759 1018 839 phialas
1043 761 1317 821 suffituum
1340 764 1519 843 plenas
1546 788 1700 825 mane
1725 790 1783 826 ac
1808 770 2013 851 vesperi
2036 776 2165 831 Do-

166 846 322 902 mino
361 838 623 900 sistebant.
710 841 853 899 Non
890 844 1038 900 enim
1076 847 1256 902 minus
1292 866 1354 903 os
1377 847 1570 924 populi
1607 848 1671 906 ad
1709 853 1898 909 Deum
1928 898 1943 922 ‚
2001 876 2164 934 quam

167 926 280 984 Dei
319 922 384 982 ad
418 924 684 1003 populum
726 920 861 981 sunt.
947 925 1150 1006 Neque
1187 928 1386 984 mirum
1420 927 1476 984 id
1502 931 1754 1009 cuiquam
1778 932 1948 991 videri
1972 934 2166 1007 debet,

162 1006 315 1088 quod
339 1027 510 1086 quum
535 1007 592 1062 in
617 1006 879 1063 orationis
906 1006 1070 1064 initio
1093 1007 1158 1066 de
1183 1007 1424 1087 pluribus
1451 1007 1603 1068 simul
1628 1009 1801 1069 sermo
1833 1013 1921 1083 fit,
1966 1037 2083 1096 quae
2104 1020 2165 1076 in

162 1091 305 1147 illius
339 1084 615 1167 progressu
652 1085 949 1156 dicuntur,·
977 1109 1093 1146 non
1129 1089 1385 1148 omnibus
1421 1088 1510 1148 sed
1547 1091 1815 1171 aliquibus
1853 1093 2027 1154 solum
2064 1096 2168 1157 sint

164 1167 492 1250 applicanda.
578 1165 730 1223 Nam
765 1168 916 1247 quod
949 1171 1155 1250 vulgari
1192 1169 1417 1229 dicterio
1455 1172 1781 1245 inculcatur,
1829 1174 1884 1231 id
1907 1175 1994 1233 hic
2022 1199 2165 1258 quo«

165 1271 273 1329 que
310 1248 558 1321 obtinet,
601 1247 878 1326 praedicata
914 1247 1066 1309 suum
1104 1251 1397 1310 monstrare
1424 1250 1736 1328 subjeetum.
1823 1256 1948 1314 Nec
1975 1257 2163 1318 desunt

164 1330 355 1388 similia
401 1330 657 1405 exempla.
785 1330 1072 1388 Nehemiae
1123 1352 1254 1389 x11.
1288 1354 1336 1391 1.
1368 1353 1417 1390 2.
1458 1332 1654 1392 dicitur
1694 1360 1708 1394 t
1781 1341 2049 1395 inventum
2096 1342 2163 1420 est

148 1411 397 1494 scriptum
431 1425 487 1464 ut
521 1428 621 1463 non
655 1412 839 1464 veniat
873 1411 1225 1468 Hammonita
1258 1430 1350 1469 aut
1397 1414 1651 1472 Moabitae
1687 1422 1742 1472 in
1776 1428 2160 1500 congregatione

157 1496 294 1562 Dei,
329 1505 597 1575 propterea
609 1486 742 1568 qnod
771 1509 870 1544 non
895 1508 1218 1547 occurrerant
1241 1493 1485 1567 Istae'litis
1499 1512 1637 1575 pane
1654 1509 1731 1553 (φ
1754 1519 1918 1576 aqua,
1935 1502 2028 1576 sed
2039 1523 2162 1566 con-

159 1573 416 1631 duxerant
441 1586 617 1628 contra
644 1590 723 1626 eos
748 1572 1072 1643 Bilmmum,
1120 1583 1243 1630 &a
1270 1574 1424 1630 Prius
1450 1574 1610 1644 illud,
1629 1577 1780 1655 quod
1803 1599 1901 1634 non
1932 1602 2161 1640 occurre-

158 1662 268 1712 rint
301 1652 510 1730 Israeli,
553 1669 664 1708 tam
698 1654 1064 1710 Hammonitis
1098 1676 1261 1733 quam
1296 1652 1562 1711 Moabitis
1605 1677 1896 1716 commune
1923 1660 2028 1732 est3
2071 1663 2160 1723 sed

161 1733 455 1815 posterius,
499 1732 564 1790 de
589 1731 912 1789 condufbione
935 1736 1197 1806 Bileami‚
1239 1732 1363 1791 solis
1388 1736 1740 1817 improperari
1763 1739 2030 1799 Moabitis
2053 1766 2159 1824 po·-

164 1818 269 1873 tuit
282 1840 297 1884 3
340 1817 423 1871 uti
447 1811 653 1870 constat
675 1833 739 1869 ex
761 1813 935 1869 Num.
952 1833 1051 1870 xx1
1070 1835 1117 1871 1.
1147 1835 1197 1893 3.
1226 1816 1485 1873 Similiter
1497 1819 1696 1898 Jerem.
1711 1842 1835 1878 xx1.
1855 1842 1907 1891 7.
1922 1824 2157 1884 Tradam

165 1895 488 1955 Zedechiam
521 1897 706 1971 Regem
729 1893 912 1973 Judae‚
941 1894 1204 1974 servosqne
1227 1901 1360 1977 ejus,
1406 1908 1486 1956 (Τ
1512 1904 1759 1983 populum
1798 1903 1982 1986 ipfhm,
2028 1919 2153 1965 φτ.

163 1983 222 2035 in
247 1997 456 2034 manum
494 1972 985 2035 Nebncadnetzarz's
1023 1981 1176 2056 Regis
1199 1975 1514 2061 Babylonico,
1560 1992 1683 2040 (fc.
1698 1990 1789 2063 qui
1800 1993 2050 2067 percutiet
2076 2011 2160 2046 eos

163 2066 276 2116 acie
298 2056 494 2137 gladii.
582 2055 755 2134 Qod
789 2056 951 2112 initio
977 2056 1173 2115 dicitur
1196 2057 1260 2115 de
1285 2057 1565 2116 traditione
1591 2064 1869 2123 Zedechiae
1894 2072 1950 2124 ὃς
1974 2066 2154 2128 servo-

161 2161 359 2199 vorum
383 2143 492 2213 ejus
514 2142 573 2194 &
596 2137 817 2215 populi,
861 2158 1052 2195 verum
1079 2137 1154 2195 est
1178 2138 1241 2195 de
1269 2139 1526 2197 omnibus
1555 2166 1567 2199 ε
1612 2141 1699 2201 sed
1725 2147 1876 2224 quod
1902 2141 2167 2228 deinceps'

161 2220 404 2289 additur,
446 2223 538 2298 qui
566 2224 814 2300 percutiet
851 2241 929 2274 eos
952 2225 1064 2276 acie
1077 2219 1285 2298 gladii,
1329 2219 1393 2277 de
1405 2220 1575 2296 servis
1603 2229 1659 2279 δε
1675 2229 1859 2307 populo
1888 2229 2152 2287 Zedechiae

166 2300 583 2379 intelligendum
608 2297 711 2370 est,
755 2321 869 2357 non
895 2299 959 2358 de
987 2301 1111 2384 ipso,
1128 2302 1331 2380 quippe
1356 2301 1452 2380 qui
1479 2298 1566 2359 sua
1590 2309 1643 2361 ὃς
1670 2304 1799 2362 sicca
1823 2328 1997 2366 morte
2025 2332 2150 2389 per-

125 2416 129 2419 ·
162 2384 244 2441 iit.
284 2384 393 2462 jer.
421 2400 493 2438 LI
512 2401 559 2437 Ι.
595 2400 616 2436 1
635 2400 682 2438 Ι.
710 2383 764 2438 Si
789 2384 908 2461 quis
943 2384 1094 2462 plura
1130 2382 1185 2440 id
1209 2403 1380 2461 genus
1405 2385 1647 2463 exempla
1672 2384 1954 2459 desideret,
1999 2392 2150 2451 adeat

160 2464 311 2546 Jonae
335 2465 384 2518 le
407 2467 513 2546 Bny
542 2469 956 2521 commentarium
982 2470 1036 2520 in
1060 2466 1424 2548 Apocalypsin.
1491 2466 1682 2524 Manet
1708 2489 1869 2548 erg0‚
1912 2491 2008 2549 per
2031 2475 2148 2530 ani-
2173 2514 2235 2557 Aci
2260 2529 2326 2559 can

160 2546 318 2603 malia
343 2541 465 2612 ista,
511 2543 650 2622 apud
684 2543 982 2623 Johannem
1016 2568 1132 2604 non
1157 2546 1336 2605 minus
1361 2567 1524 2626 quam
1547 2548 1902 2622 Ezechielem,
1926 2545 2148 2613 'intelli-
2175 2575 2214 2608 6.
2300 2533 2419 2576 ‘'U'

157 2626 366 2706 gendos
390 2624 488 2683 effe
514 2628 769 2704 Angelos.

237 2710 494 2767 XXXVI.
542 2712 803 2764 Attamen
839 2730 1008 2789 quum
1035 2713 1375 2791 VAngelorum
1408 2709 1706 2787 πολίτευμα
1732 2711 2047 2777 hominibus
2084 2720 2142 2776 in

156 2791 465 2867 exemplum
499 2807 862 2867 proponatur,
903 2791 967 2848 ad
1003 2791 1246 2850 officium
1281 2792 1524 2850 fidelium
1551 2796 1785 2872 pertinet
1810 2817 1891 2853 eas
1918 2801 2142 2856 virtutes

158 2872 447 2950 Angelicas
474 2914 493 2939 ‚
559 2891 674 2950 quae
710 2869 945 2927 faciebus
972 2916 988 2940 ,
1041 2875 1134 2930 alis
1158 2918 1194 2943 ‚r
1229 2872 1490 2953 pedibus,
1557 2874 1858 2954 caeterisque
1899 2882 2142 2958 corporis

156 2951 517 3009 emblematici
552 2950 788 3029 partibus
827 2950 1191 3029 significantur
1214 2999 1230 3023 ,
1273 2954 1569 3012 aemulando
1596 2958 1918 3033 exprimere,
1963 2983 2074 3040 quo
2102 2963 2144 3017 ii

159 3035 256 3112 qui
283 3035 514 3111 Angelis
539 3031 824 3112 aliquando
852 3031 1043 3090 similes
1070 3032 1118 3090 se
1144 3032 1354 3093 futuros
1379 3034 1478 3093 esse
1505 3035 1711 3113 sperant
1736 3039 1793 3094 in
1820 3041 2023 3119 gloria,
2052 3039 2142 3098 iis-

152 3113 283 3174 dem
319 3117 481 3173 etiam
517 3111 706 3173 ssmiles
747 3113 849 3172 sint
887 3115 945 3172 in
965 3114 1332 3174 sanctimonia.
1419 3119 1552 3175 Haec
1579 3115 1616 3175 fi
1641 3119 1759 3197 quis
1783 3123 1886 3199 piis
1910 3122 2139 3180 medita-

145 3217 149 3223 ·
1238 3198 1293 3254 Y
2030 3203 2141 3258 tio-
