2539 3612
769 143 1391 207 L1B.1.CA1⁹.
1476 147 1543 204 X.
2123 175 2186 234 55

165 260 363 317 rasione
384 257 840 337 materiae‚titpote
868 253 1006 311 nihil
1031 274 1126 331 per
1149 251 1198 308 se
1225 247 1464 332 eligibile
1493 258 1548 309 &
1573 270 1768 310 naturae
1792 253 2034 312 humanae
2061 279 2184 336 per-

163 340 422 398 fectivum
444 335 875 418 praecipientibus
889 359 904 404 3
938 340 1136 391 ratione
1160 333 1350 412 effec‘Zus
1365 379 1378 403 ,
1408 357 1530 391 nam
1556 353 1790 392 mortem
1815 335 2037 415 quidem
2060 342 2183 396 vio-

161 422 392 479 lantibus
438 421 659 476 attulere
683 464 698 489 ,
752 439 866 475 non
914 435 1094 473 autem
1127 416 1291 471 vitam
1325 413 1823 494 obtemperantibus
1849 443 1863 487 3
1918 421 2182 498 praecipue

160 523 289 559 vero
314 506 510 557 ratione
533 506 748 581 originis
771 525 788 569 3
833 500 959 578 quia
982 496 1169 554 statuta
1192 494 1450 571 illafi’czaeli
1470 496 1688 554 moribus
1712 516 1894 554 ortum
1916 497 2148 556 debuere
2162 544 2179 570 ,

155 600 347 660 utpote
374 580 566 639 sancita
587 601 649 640 ut
672 603 863 639 eorum
885 579 1179 637 nonnullos
1203 617 1219 646 ‚
1270 578 1408 633 vitio
1434 579 1616 657 aliquo
1642 597 1857 636 notatos
1881 624 1896 650 ‚
1941 599 1969 635 e
1995 581 2175 640 medio

151 664 442 733 tollerent3
486 665 616 720 alios
641 682 818 721 autern
843 707 859 732 ‚
903 658 1106 734 summa
1132 679 1254 715 cum
1282 659 1509 727 cautela,
1554 661 1858 718 tolerarent.
1944 661 2176 720 Neceffe

150 746 300 801 enim
338 763 446 802 erat
480 762 541 801 ut
565 744 728 802 bruto
758 743 966 824 populo
992 786 1008 812 ‚
1064 743 1122 797 in
1149 760 1329 796 curvas
1353 758 1500 797 terrae
1530 737 1735 796 semitas
1760 743 1910 797 aliter
1933 744 2173 812 ruitum,

148 823 364 884 frenum
400 828 643 898 injiceret
676 829 830 883 Deus
854 851 870 895 3
922 827 1054 881 ritus
1079 839 1259 879 autem
1282 823 1489 900 aliquos
1514 822 1710 877 nullius
1735 824 1974 878 criminis
1998 826 2171 881 mani<

145 902 308 965 festos
333 905 690 965 observandos
714 909 1041 986 relinqueret
1066 949 1082 975 ‚
1125 922 1187 959 ut
1210 923 1304 980 per
1327 904 1527 959 leviora
1553 903 1640 958 illa
1663 904 1942 982 religionis
1968 908 2172 961 exerci-

143 989 217 1044 tia
239 1032 255 1057 ‚
312 990 369 1046 in
404 991 518 1046 Dei
541 987 811 1046 honorem
833 1032 850 1059 ,
906 993 962 1044 &
987 1008 1051 1043 ex
1076 982 1376 1064 praescripto
1402 989 1510 1058 ejus
1535 981 1819 1061 praestanda
1841 1027 1855 1051 ‚
1911 984 1975 1040 ad
2001 988 2178 1065 magis*

141 1066 317 1127 severa
341 1114 357 1140 ‚
403 1076 459 1127 δε
484 1092 579 1149 per
601 1068 650 1127 se
676 1089 852 1152 grata,
897 1067 1221 1126 obedientiae
1248 1084 1400 1121 exem
1441 1066 1489 1120 la
1510 1063 1712 1121 habiles
1738 1070 1793 1120 &
1818 1065 2018 1122 initiati
2045 1088 2168 1124 eva-

139 1148 362 1208 derent
414 1154 487 1207 Et
511 1169 652 1207 certe
678 1151 777 1208 nisi
803 1154 957 1207 Deus
982 1194 997 1218 ‚
1043 1170 1138 1227 per
1161 1148 1348 1222 statuta
1373 1088 1460 1204 ilia
1482 1165 1582 1201 non
1605 1143 1734 1201 bona
1760 1191 1774 1215 ‚
1821 1147 2026 1224 populo
2054 1149 2164 1217 illi,

138 1248 381 1288 veterum
405 1233 655 1289 omnium
681 1232 1024 1308 pertinaciter
1045 1226 1284 1285 studioso
1308 1272 1323 1297 ,
1369 1246 1580 1284 morem
1604 1224 1829 1305 gessisset
1853 1272 1868 1296 ‚
1914 1245 2164 1285 metuen-

139 1310 267 1367 dum
305 1311 448 1367 foret
470 1331 538 1366 ne
564 1333 592 1365 a
616 1310 767 1365 sacris
792 1310 893 1366 suis
918 1353 934 1377 ‚
991 1312 1048 1365 in
1072 1308 1269 1386 quibus
1297 1310 1472 1365 nullos
1497 1308 1828 1385 antiquitatis
1854 1314 1908 1364 &
1935 1306 2165 1365 consue-

133 1390 336 1447 tudinis
360 1408 582 1470 receptae
606 1387 925 1447 charaeteres
950 1387 1345 1466 deprehendere
1381 1405 1694 1464 potuerant,
1722 1392 1937 1466 penitus
1963 1387 2171 1446 abhor-·

132 1490 328 1529 terent.

212 1557 364 1612 XIII.
411 1551 514 1611 Sed
538 1557 595 1609 δε
620 1555 678 1610 in
703 1550 994 1610 subsidium
1017 1566 1279 1607 vocantur
1300 1547 1452 1604 Pauli
1477 1547 1564 1603 illa
1585 1546 1775 1617 verba,
1813 1570 1929 1629 quae
1957 1550 2158 1611 exstant

129 1636 256 1691 Aet.
274 1654 337 1691 x1
357 1656 378 1691 Ι
397 1655 438 1691 Ι.
469 1636 554 1691 18.
581 1633 701 1692 Ubi
730 1633 794 1691 de
819 1630 1062 1690 Israelitis
1088 1633 1146 1687 in
1172 1625 1378 1687 deserto
1402 1627 1947 1708 agentibusdifferens
1963 1636 2158 1703 ‚Deus,

128 1718 340 1796 inquit,
376 1735 470 1798 per
493 1737 653 1772 annos
673 1714 1024 1794 quadraginta
1048 1710 1460 1790 ἐτςωτσοφᾶρησε,
1504 1731 1663 1766 mores
1687 1732 1855 1766 eorum
1880 1714 2018 1768 tulit.
2057 1719 2159 1771 Per

131 1818 293 1853 mores
317 1798 437 1854 illos
463 1813 656 1852 veteres
680 1839 696 1865 ‚
739 1793 1109 1870 consuetudines
1134 1810 1281 1848 extra
1306 1794 1509 1872 culpam
1526 1794 1742 1872 positas,
1788 1797 1843 1848 &
1870 1793 1926 1849 in
1953 1795 2159 1852 rituum-

131 1878 350 1936 suorum
387 1898 672 1933 numerum
709 1874 948 1932 affumtas
973 1919 989 1944 ,
1046 1872 1420 1951 intelligendas
1456 1873 1554 1931 effe
1583 1913 1594 1934 ,
1656 1896 1720 1930 ex
1756 1895 1821 1930 eo
1858 1872 2156 1951 probatur:

133 1961 260 2040 quia
282 1955 449 2015 abeffe
475 1979 504 2013 a
527 1956 688 2014 nobis
719 1955 879 2013 debet
904 1998 920 2023 ,
964 1973 1025 2011 ut
1049 1956 1323 2032 optimum
1347 1953 1577 2009 Numen
1602 1976 1813 2011 morem
1837 1956 2071 2035 aliquem
2097 1961 2157 2016 in

128 2057 332 2097 aeternae
367 2036 574 2112 justitiae
610 2038 753 2116 leges
788 2055 1101 2115 peccantem
1136 2037 1356 2111 impune
1393 2032 1663 2091 dimittere
1696 2035 1917 2092 voluisse
1945 2037 2155 2096 censea-
2184 2059 2188 2062 ·

126 2142 261 2178 mus.
348 2125 468 2177 Imo
504 2140 634 2177 vero
670 2137 778 2175 tam
813 2119 976 2198 longe
1004 2114 1182 2172 aberat
1204 2134 1266 2171 ut
1291 2114 1648 2183 idololatriam
1671 2159 1687 2183 ‚
1745 2114 2001 2173 effrenem
2025 2118 2153 2175 libi-

126 2201 312 2259 dinem
335 2245 351 2272 ,
407 2200 492 2258 vel
513 2198 817 2274 hujusmodi
842 2220 1019 2256 mores
1043 2198 1188 2254 notis
1215 2197 1520 2273 nigerrimis
1545 2194 1748 2253 inustos
1772 2242 1786 2265 ,
1832 2197 1943 2251 leni
1966 2199 2150 2255 animo

128 2284 377 2339 toleraret
387 2307 403 2350 3
441 2300 503 2338 ut
526 2280 719 2360 finguli
744 2301 808 2336 ex
831 2286 1067 2360 AEgypto·
1091 2274 1307 2357 egressi,
1330 2272 1473 2337 hisce
1499 2275 1740 2333 moribus
1765 2274 2019 2349 infameS,
2046 2281 2150 2336 cri-

128 2364 341 2420 minum
365 2361 582 2419 suorum
602 2381 785 2440 poenas
809 2379 1118 2439 praematura
1139 2376 1314 2415 morte
1338 2354 1710 2435 pependerint.

206 2447 358 2504 XIV.
403 2446 600 2522 Qimo
635 2442 865 2500 succedit
887 2486 903 2513 ‚
958 2447 1090 2498 ratio
1127 2460 1290 2521 quam
1312 2435 1442 2513 justa
1465 2433 1743 2517 san<ffaque
1756 2436 2012 2520 sapientiae
2037 2441 2147 2496 Di·-

122 2525 259 2583 vinae
283 2523 558 2581 aestimatio
583 2521 818 2603 suggerit
839 2548 856 2592 3
910 2523 1106 2604 partim
1129 2542 1236 2602 qua
1259 2517 1467 2600 Judaeos
1492 2563 1507 2588 ,
1564 2522 1760 2598 partim
1785 2541 1890 2598 qua
1914 2524 2146 2576 Gentiles

87 2659 97 2665 .
119 2605 328 2686 Γρεᾶαῖ.
354 2604 563 2686 Judaeos
587 2603 737 2684 quod
757 2607 975 2675 attinet,
1012 2605 1237 2662 minime
1263 2600 1540 2679 probabile
1569 2600 1672 2668 est,
1696 2603 1913 2668 Deum,
1938 2621 2033 2678 per
2061 2619 2146 2659 tot

118 2685 361 2743 imbelles
386 2691 440 2743 &
464 2706 753 2764 corporeos
778 2686 909 2743 ritus
933 2730 950 2755 ‚
995 2706 1094 2743 nec
1121 2682 1219 2742 fibi
1243 2702 1456 2762 gratos,
1503 2701 1602 2737 nec
1626 2683 1762 2739 veris
1789 2679 1891 2736 suis
1917 2683 2142 2738 cultori—

120 2765 220 2823 bus
244 2787 339 2846 per
361 2789 528 2824 annos
553 2765 635 2823 bis
661 2766 807 2823 mille
833 2768 1112 2848 cognitOS‚
1128 2767 1332 2823 cultum
1356 2763 1510 2821 suum
1531 2783 1752 2819 onerare
1781 2766 1834 2816 &
1858 2761 1991 2839 legis
2004 2763 2139 2819 Mo·-

117 2848 236 2905 ralis
261 2867 520 2929 praecepta
539 2868 678 2927 pene
702 2844 1023 2905 obumbrare
1047 2844 1301 2917 voluisse3
1340 2843 1439 2903 nisi
1464 2843 1613 2923 quod
1637 2843 1867 2921 populus
1893 2839 2140 2900 Israeliti-

119 2948 210 2986 cus
233 2974 250 3000 ‚
303 2931 598 2987 vanitatum
622 2948 864 2987 veterum
887 2930 1002 2985 zelo
1027 2947 1204 3007 raptus
1227 2973 1243 2999 ,
1296 2926 1555 2985 Daemoni
1580 2945 1674 3003 per
1698 2943 1790 2980 eos
1814 2924 2020 2981 cultum
2045 2923 2139 2983 de·—

113 3008 251 3066 ferre
275 3007 548 3080 voluisset,
591 3010 630 3068 si
653 3012 830 3068 minus
852 3008 982 3066 Deo
1005 3007 1243 3067 licuiffet.

197 3094 323 3149 XV.
365 3092 652 3172 Eleganter
675 3091 780 3149 hoc
805 3106 1184 3171 argumentum
1207 3108 1457 3148 executus
1483 3085 1848 3145 Maimonides
1872 3083 1961 3141 est.
2006 3085 2131 3143 Ne-

115 3190 221 3257 que
245 3171 451 3255 periiffe
478 3170 679 3234 censeri
703 3172 863 3234 debet
886 3193 1049 3254 opera
1072 3169 1111 3230 si
1136 3171 1413 3229 excursum
1438 3175 1575 3244 eim,
1601 3186 1723 3227 utut
1747 3166 2131 3258 prolixiorem,

2070 3266 2139 3306 m
