2539 3612
382 169 490 210 10¹2
915 147 1895 205 AEGYPTIA'CORUM

379 255 477 334 est3
519 250 653 334 quod
677 252 841 306 coitus
867 268 981 304 cum
1008 246 1170 322 ftorto
1193 261 1314 300 ante
1347 245 1506 323 legem
1529 240 1711 298 datam
1732 240 1903 320 fuerit
1927 240 2062 321 ficut
2083 247 2244 301 coitus
2267 241 2359 303 ho·-

381 341 539 393 mim's
563 356 677 391 cum
701 351 853 388 uxore
865 329 996 403 sua:
1040 324 1131 381 hoc
1156 324 1250 403 est,
1293 323 1426 405 quod
1442 325 1612 402 fuerit
1625 328 1758 407 {opus
1774 327 2021 393 licitum,
2048 344 2204 404 neque
2228 328 2357 384 illud

379 417 524 474 homo
555 419 650 472 ullo
673 410 820 495 pasto
838 410 1071 490 fugerit:
1120 417 1199 464 (φ’
1222 405 1355 487 quod
1378 427 1564 463 merces
1591 428 1691 485 qnae
1716 410 1974 462 meretrici
1996 401 2217 462 dabatur
2231 409 2359 483 fue-

379 504 453 554 rit
465 501 596 575 ficut
619 495 709 549 dos
733 513 832 570 φωρ
857 489 1006 545 hodie
1028 488 1182 545 datur
1218 493 1368 544 uxori
1403 509 1556 566 quum
1583 486 1867 542 dimittitur
1893 531 1908 555 ,
1965 485 2035 543 ad
2065 490 2205 567 cujus
2220 489 2359 562 fhlu-

381 584 568 633 tionem
591 581 679 631 vir
705 571 770 650 est
796 570 1063 651 obligatus.
1148 569 1305 649 Qod
1330 586 1499 624 autem
1522 574 1631 625 ait:
1683 569 1936 646 Accipiat
1961 566 2057 624 fibi
2073 612 2088 636 ‚
2117 590 2184 624 ne
2211 566 2354 625 forte

381 657 538 715 limus
563 658 620 712 in
647 670 984 712 contemtum
999 677 1015 722 3
1056 651 1198 708 docet
1221 673 1310 707 nos
1335 649 1398 705 de
1421 647 1700 705 aclionibus
1722 652 1809 705 vel
1833 654 2048 728 negotiis
2074 652 2357 730 copulatio-

382 743 464 793 nis
491 740 754 805 carnalis,
796 740 955 790 etiam
978 736 1156 803 licitae,
1200 754 1298 788 non
1315 733 1438 815 poffe
1467 752 1555 786 nos
1586 733 1846 810 loquifine
1861 729 2087 812 pudore3
2133 742 2212 787 (φ
2238 752 2359 787 con—

382 824 592 874 veniens
618 819 699 892 effe
727 834 782 873 ut
806 819 951 872 illam
967 859 983 884 ‚
1027 821 1184 872 etiam
1208 834 1321 871 cum
1331 814 1654 891 facultatum
1689 811 1971 890 nostrarum
1996 811 2206 893 jaffura
2230 819 2361 868 reti—

381 920 583 956 ceamus
597 944 613 969 ‚
654 911 732 956 ΟΝ
756 898 1074 952 occultemus.
1117 931 1145 939 -
1168 930 1196 937 -
1237 899 1366 951 Haec
1390 894 1454 973 est
1479 898 1650 951 virtus
1675 895 1917 963 moralis,
1943 915 2099 971 quam
2122 915 2186 948 ex
2207 893 2361 972 histo-

382 986 467 1036 ria
490 984 584 1037 illa
605 979 860 1056 addzftere
916 979 1134 1051 offnmus.

468 1060 575 1119 XI.
623 1061 726 1119 Sed
749 1082 848 1138 pro
877 1059 1028 1127 ecto,
1073 1057 1111 1115 fi
1134 1056 1353 1138 usquam
1379 1054 1537 1126 alibi,
1579 1057 1668 1114 hic
1696 1073 1838 1112 certe
1866 1055 2360 1125 Ahzimonidem,&

386 1162 666 1223 quotquot
688 1141 986 1200 affeclarum
1009 1138 1198 1209 habet,
1243 1138 1361 1196 sana
1385 1139 1530 1214 fugit
1555 1140 1708 1193 ratio.
1792 1140 2042 1190 Scortatio
2064 1139 2227 1191 ‘enim
2243 1143 2364 1217 pri-

387 1246 548 1281 maevae
584 1224 893 1302 t'nstztutioni
926 1225 1150 1302 conjugii
1171 1265 1187 1290 ,
1257 1220 1476 1297 legique
1520 1216 1584 1275 de
1623 1238 1690 1273 eo
1727 1216 1979 1284 Divinae,
2024 1213 2220 1273 directe
2247 1215 2366 1273 satis

386 1323 665 1384 repugnat.
754 1302 926 1382 Qiod
949 1305 1022 1359 ita
1048 1299 1364 1359 ostenditur.
1461 1319 1507 1356 1.
1552 1297 1639 1355 Ut
1672 1298 1992 1375 propagatio
2028 1299 2238 1373 generis
2265 1297 2369 1354 hu-

387 1388 533 1444 mani
555 1389 655 1444 rite
681 1386 867 1456 fieret,
924 1405 1041 1440 non
1065 1381 1165 1439 nisi
1198 1382 1322 1437 duos
1358 1382 1511 1435 Deus
1538 1381 1728 1452 junxit.
1815 1379 1932 1454 Qi
1968 1397 2098 1455 ergo
2126 1376 2234 1434 fine
2260 1377 2368 1435 dis-

390 1469 616 1526 crimine
653 1488 777 1523 cum
813 1462 1054 1543 pluribus
1101 1461 1158 1518 id
1193 1460 1398 1517 faciunt
1434 1459 1585 1539 quod
1611 1476 1794 1516 natura
1831 1455 2010 1515 suadet
2035 1455 2153 1513 fieri
2178 1459 2242 1517 ad
2265 1458 2369 1515 hu-

389 1551 536 1607 mani
570 1550 782 1628 generis
818 1544 1267 1624 propagationem
1291 1585 1307 1610 ‚
1363 1541 1443 1597 illi
1478 1539 1783 1598 institutum
1815 1541 1929 1595 Dei
1964 1540 2169 1597 violant
2196 1585 2211 1609 ,
2266 1562 2367 1598 nec

392 1648 640 1708 quaerunt
673 1627 852 1685 semen
885 1626 1028 1695 Dei3
1073 1644 1249 1703 neque
1286 1644 1350 1678 ex
1384 1623 1495 1678 ullo
1532 1623 1781 1701 legitimo
1819 1641 1998 1677 amore
2026 1665 2041 1689 ‚
2097 1619 2186 1678 sed
2209 1642 2367 1700 prava

390 1711 620 1769 libidine
658 1726 825 1788 agunt
859 1706 915 1764 id
942 1706 1091 1785 quod
1115 1722 1296 1785 agunt.
1343 1706 1751 1782 Argumentum
1773 1700 1878 1756 hoc
1904 1700 2222 1757 Malachias
2246 1703 2371 1781 sup-

389 1793 609 1870 peditat.
656 1793 791 1870 Cap.
825 1809 848 1845 1
866 1808 913 1844 Ι.
939 1786 1068 1844 vers.
1108 1805 1193 1863 15.
1286 1788 1388 1842 An
1412 1804 1511 1838 non
1535 1803 1692 1839 unum
1726 1780 1884 1850 fecit,
1937 1802 2111 1837 unum
2133 1801 2226 1858 par
2249 1827 2265 1852 ,
2310 1802 2373 1841 ut

392 1877 553 1932 unius
578 1895 702 1932 cum
727 1895 834 1930 una
859 1869 1032 1926 solum
1057 1866 1371 1943 conjun8d0
1407 1862 1566 1921 esset?
1610 1867 1789 1944 Qum
1816 1864 1906 1944 ipfi
1928 1862 2180 1944 sitpercffet
2201 1869 2372 1946 Spiri-

393 1970 490 2012 tus.
577 1955 853 2034 Nunquid
874 1950 979 2007 hoc
1020 1971 1115 2028 per
1139 1949 1521 2028 impotentiam
1557 1944 1688 2002 fecit
1721 1946 1912 2000 Deus?
1958 1945 2115 2000 Num
2143 1947 2372 2023 Spiritus

392 2036 493 2116 ipsi
517 2037 695 2095 deerat
719 2035 783 2094 ad
817 2031 1185 2111 operandum?
1241 2035 1363 2088 Aut
1386 2050 1499 2087 non
1524 2025 1642 2082 satis
1679 2026 1976 2082 animarum
2002 2045 2173 2081 creare
2211 2046 2372 2104 pote-

391 2137 499 2188 rat,
545 2118 742 2198 quibus
776 2115 1201 2174 informarentur
1236 2114 1506 2189 corpora?
1562 2105 1726 2162 Nihil
1752 2107 1946 2163 minus.
2037 2106 2190 2184 Qud
2215 2115 2371 2188 ergo?

393 2204 464 2256 Et
485 2199 613 2280 qnid
634 2221 791 2258 unum
816 2195 952 2254 illud
981 2192 1005 2252 ἕ
1063 2195 1180 2250 Cur
1206 2191 1424 2248 Adamo
1451 2212 1565 2247 non
1601 2188 1806 2267 plureS‚
1863 2209 1979 2244 non
2002 2188 2178 2257 mille,
2224 2188 2373 2248 dedit

392 2279 675 2350 foeminas,
720 2297 946 2359 quarum
970 2273 1067 2330 usu
1105 2274 1483 2351 multiplicatio
1519 2270 1809 2327 hominum
1844 2289 1910 2325 eo
1940 2269 2097 2325 citius
2135 2268 2375 2327 confice-

395 2367 573 2418 retur?
619 2357 887 2443 Qaerebat
900 2355 1069 2432 ftmen
1095 2358 1218 2411 Dei.
1302 2354 1443 2411 Non
1469 2352 1648 2410 decuit
1669 2353 1858 2409 Deum
1881 2371 2051 2430 genus
2075 2349 2374 2410 humanum

395 2463 718 2521 propagare,
763 2437 1148 2513 conjunctione
1182 2437 1448 2514 plurium,
1502 2454 1679 2513 neque
1710 2435 1768 2490 in
1804 2434 2136 2511 polygamia‚
2193 2453 2262 2489 ne
2303 2455 2371 2491 ue

396 2525 454 2580 in
480 2523 830 2592 scortatione,
875 2538 1129 2597 tanquam
1153 2540 1181 2575 a
1207 2515 1256 2574 se
1287 2516 1544 2574 institutis
1567 2534 1724 2596 atque
1751 2512 2072 2594 approbatis.
2157 2514 2232 2570 Et
2276 2536 2373 2572 ane

399 2606 495 2684 qui
521 2604 696 2661 scorto
721 2602 771 2660 se
796 2602 1068 2680 adjungit,
1125 2600 1167 2655 is
1193 2596 1371 2656 semen
1399 2596 1550 2656 suum
1566 2642 1581 2666 ‚
1627 2596 1777 2677 quod
1801 2619 1828 2653 a
1851 2597 1981 2652 Deo
2007 2595 2189 2652 datum
2213 2592 2288 2650 est
2311 2596 2376 2654 ad

398 2688 850 2767 propagationem
873 2702 1097 2751 naturae‚
1141 2686 1197 2736 &
1225 2681 1448 2760 quidem
1473 2679 1652 2749 reem,
1705 2675 1866 2735 offert
1887 2674 2131 2733 Diabolo
2158 2674 2222 2733 ad
2244 2697 2376 2755 pro-

402 2771 747 2848 pagationem
794 2765 1067 2825 dedecoris
1103 2768 1159 2819 δε
1197 2760 1383 2840 probri
1477 2763 1698 2840 erpetui.
1797 2759 1945 2815 Nam
1980 2756 2018 2813 si
2053 2758 2149 2836 qui
2185 2779 2248 2814 ex
2285 2761 2377 2816 tali

402 2851 788 2920 conjunffione
812 2846 1125 2915 nascuntur,
1171 2845 1211 2900 ii
1238 2840 1401 2922 spurii
1427 2784 1547 2900 iiim
1570 2889 1586 2914 ‚
1632 2862 1770 2923 quos
1808 2841 1951 2920 leges
1990 2839 2171 2896 civiles
2196 2860 2373 2919 neque

325 2957 327 2959 ·
403 2931 462 2986 in
499 2929 700 2987 familia
736 2946 1019 2988 numerant
1045 2971 1060 2997 ‚
1117 2946 1294 3004 neque
1331 2926 1395 2984 ad
1430 2924 1811 2983 succeffionem
1844 2919 2144 2978 honoresve
2180 2919 2377 2979 admit-

404 3030 554 3081 tunt3
600 3010 825 3091 suntque
850 3028 1170 3091 perpetuum
1206 3027 1490 3086 parentum
1514 3007 1732 3065 filorum
1767 3002 2021 3074 dedecus,
2067 3023 2203 3082 quos
2233 3003 2375 3072 inter

403 3091 604 3150 liberos
634 3092 753 3151 suos
791 3093 1010 3153 educare
1046 3089 1228 3170 pudet.
1258 3164 1263 3168 ἱ
1324 3111 1346 3148 1
1367 3111 1412 3148 1.
1519 3092 1574 3146 ui
1612 3109 1678 3146 eo
1722 3092 2021 3166 junguntur
2055 3085 2173 3143 aestu
2209 3105 2374 3165 quem

2217 3182 2374 3223 natu-
