2539 3612
323 129 477 222 428·

327 252 539 313 ciones
581 253 703 306 tuae
740 262 759 315 ς
803 232 1087 322 loquitur
1131 216 1413 313 suspensa
1463 217 1830 292 auditorum
1875 229 1938 292 in
1982 241 2086 294 tot
2123 223 2325 315 Belgii»

333 329 625 407 Ecclefiis
655 324 870 400 turba,
920 321 1176 411 stupens
1211 336 1288 384 os
1317 311 1479 416 illud
1508 315 1884 387 Venerabile
1912 336 2102 409 atque
2140 315 2331 386 diser·-

340 446 504 503 tum,
830 492 833 495 s

511 513 611 580 Os
642 509 902 602 dignum
930 517 1166 586 aeterno
1197 498 1479 570 tianum·
1503 500 1674 592 quod
1682 502 1945 592 fulgeat
1974 521 2132 570 auro
2151 535 2174 582 5

343 611 696 699 loquuntur
743 599 976 690 scripta
1025 616 1138 664 tua
1183 593 1624 684 examuffitata
1678 617 1751 661 ac
1781 593 1986 684 polita
2033 615 2160 663 non
2195 589 2337 661 rudi

343 721 599 790 ungue,
648 704 712 764 in
741 690 972 784 quibus
999 684 1605 759 cum‘medit'ationis
1637 693 2037 754 accuratione
2054 732 2076 765 ,
2102 682 2339 755 ordinis

343 795 800 863 concinnitate,
851 782 1138 852 dictionis
1182 781 1656 870 perspicuitate,
1705 801 1918 847 rerum
1958 784 2235 869 gravitas
2276 775 2342 841 ὃ(

348 883 648 954 sanctitas
700 873 880 968 quafi
928 872 1006 943 de
1050 871 1270 963 palma
1316 888 1588 940 certant:
1640 873 1707 936 &3
1757 868 2097 962 loquentur
2147 889 2343 959 porro
2376 867 2378 870 ’

351 977 632 1045 OTIA
662 990 776 1039 tua
819 969 883 1037 T
907 961 1607 1040 HEOLOGICA‚
1640 968 1946 1031 eximium
1980 965 2182 1052 opuS,
2214 981 2351 1028 ma-

357 1092 481 1161 gna
510 1063 833 1155 diligentia
859 1083 933 1127 ac
964 1065 1125 1126 mira
1157 1073 1290 1123 arte
1324 1052 1768 1123 elucubratum
1787 1107 1802 1132 ‚
1824 1061 2003 1141 cujus
2019 1074 2219 1142 quum
2232 1072 2357 1141 pro

359 1180 482 1228 tua
509 1157 905 1226 humanitate
931 1147 1113 1218 nobis
1144 1168 1272 1214 non
1297 1153 1388 1214 ita
1410 1143 1659 1235 pridem
1683 1142 1889 1235 fecisti
1914 1150 2170 1235 copiam
2186 1196 2202 1221 ‚
2236 1139 2363 1211 dici

359 1274 489 1323 non
502 1245 714 1341 potest
729 1262 1039 1336 quantum
1053 1239 1257 1308 salivae
1273 1246 1548 1309 moveris
1566 1292 1581 1316 ‚
1599 1237 1662 1304 ὃ(
1680 1260 1877 1327 quam
1903 1235 2176 1327 impense
2190 1256 2368 1321 com-¹

368 1350 549 1415 muni
578 1339 645 1410 id
660 1336 1081 1408 orbisliterati
1095 1329 1444 1401 commodo
1457 1328 1765 1422 publicari
1780 1326 2216 1395 desideremus,
2263 1327 2365 1397 Ne

368 1459 566 1531 grave
608 1429 927 1501 modestiae
976 1446 1096 1495 tuae
1142 1422 1254 1504 fit,
1305 1444 1502 1512 parco
1530 1419 1596 1486 id
1623 1441 1795 1486 nunc>
1811 1417 2095 1486 sermone
2129 1423 2366 1507 repeti,

371 1527 555 1621 quod
584 1547 783 1620 nuper
810 1518 1166 1590 Academiae
1196 1513 1419 1582 nostrae
1451 1513 1668 1577 Patres
1696 1508 2007 1597 prolixius
2031 1531 2134 1578 me
2167 1506 2373 1580 dicere

368 1619 700 1712 §usserunt‚
751 1616 952 1704 quum
995 1628 1138 1676 raro
1182 1601 1455 1692 prorsus-
1483 1598 1780 1686 exemplo
1813 1650 1831 1675 ‚
1876 1598 2161 1668 summos
2209 1621 2378 1688 quos

372 1710 630 1804 possunt
657 1715 719 1774 in
754 1702 1123 1788 Theologia
1145 1693 1454 1768 honores,
1501 1686 1639 1758 sola
1667 1686 2034 1759 eruditionis
2062 1709 2183 1758 tuae
2216 1690 2375 1761 aesti-

375 1809 663 1871 matione
705 1791 943 1863 induffi
967 1845 983 1870 ‚
1031 1785 1188 1858 nihil
1243 1784 1375 1856 tale
1405 1781 1738 1863 ambienti,
1782 1791 1949 1870 imo,
2001 1780 2046 1850 s1
2080 1781 2377 1865 licuisset,
2420 1814 2421 1817 ¹

373 1892 797 1985 'deprecaturo
816 1929 832 1956 ,
876 1890 1055 1954 vocis
1085 1897 1236 1949 meae
1268 1877 1611 1965 ministerio
1642 1873 2009 1948 conferrent.
2058 1880 2151 1943 At
2177 1886 2381 1969 neque

376 1984 540 2055 mihi
570 1990 730 2068 vitio
756 1995 1072 2064 vertatur,
1089 1972 1270 2064 quod
1299 1990 1444 2039 tam*
1463 1967 1745 2059 praeclari
1769 1975 2036 2036 nominis
2065 1968 2378 2060 praescrip-

384 2087 563 2159 tione
592 2083 888 2166 exiguam
905 2067 1065 2137 hanc
1095 2062 1468 2153 §Diatrifben
1492 2082 1794 2128 exornare
1812 2058 2167 2141 sustineam..
2198 2061 2379 2130 Mul-

388 2192 535 2239 tum
565 2166 722 2249 mihi
744 2239 746 2242 ,
766 2161 1011 2244 fiduciae
1041 2153 1333 2225 conciliat
1362 2176 1487 2221 non
1522 2148 1724 2220 modo
1754 2149 2086 2238 explorata
2114 2149 2227 2220 illa
2239 2176 2382 2221 mo„

387 2285 538 2332 tum
591 2278 852 2328 tuorum
883 2259 1153 2320 comitas
1174 2298 1204 2327 ,,
1252 2269 1380 2337 qua
1409 2242 1638 2312 obvios
1668 2241 2072 2332 quoscunque
2099 2240 2389 2313 humani-

391 2375 490 2422 ter
534 2358 806 2439 excipis;
851 2342 959 2411 sed
998 2347 1275 2408 maxime
1307 2335 1646 2404 arffiffimae
1675 2332 1846 2402 illius
1883 2342 2168 2409 amicitiae
2200 2335 2387 2405 fami-

391 2437 751 2517 liaritasffi‘d
780 2456 974 2524 quam
1004 2454 1106 2499 me
1126 2438 1423 2518 juvenem
1447 2424 1806 2496 admodum·
1831 2423 2149 2496 admisisti,
2165 2452 2387 2519 quam-

398 2557 526 2627 que
557 2550 712 2613 ante
731 2523 1093 2615 complures
1115 2542 1307 2590 annos
1335 2518 1727 2610 eruditiffimi
1758 2527 1977 2609 operis‘
2001 2517 2395 2612 inscriptione

395 2623 676 2719 publico·
709 2613 1049 2703 contestari*
1074 2613 1363 2705 dignatus
1381 2632 1476 2705 es,
1574 2613 1675 2680 Ne
1703 2619 1918 2699 itaque
1949 2608 2205 2697 &hunc
2237 2637 2395 2704 qua-

402 2720 782 2804 lemcunque
824 2715 1046 2801 ingenii
1086 2716 1210 2775 mei
1250 2704 1483 2773 foetum
1526 2723 1642 2771 tuo
1669 2701 1749 2771 de
1777 2711 2028 2772 nomine
2059 2700 2180 2773 dici
2221 2704 2394 2774 dedi·

416 2816 655 2904 gneris:
703 2806 981 2893 sciatque
1012 2799 1344 2890 posteritas
1371 2821 1497 2865 non
1530 2794 1814 2886 iniq'uum
1847 2819 2047 2886 neque
2083 2802 2394 2889 ingratum

420 2910 797 2985 meritorum
831 2896 868 2968 S
885 2918 932 2965 A
956 2915 996 2966 L
1021 2917 1066 2964 D
1098 2914 1137 2961 Ε
1159 2917 1208 2961 N
1233 2917 1260 2963 1
1300 2888 1742 2965 aestimatorem
1769 2885 1941 2957 fuifle
1974 2888 2070 2960 W
2063 2891 2290 2978 itsmm.
2370 2884 2377 2958 ,'

2193 3059 2412 3139 ma:

2450 2141 2479 2160 Ο
