<?xml version="1.0" encoding="UTF-8"?>
<!DOCTYPE html PUBLIC "-//W3C//DTD XHTML 1.0 Transitional//EN"
    "http://www.w3.org/TR/xhtml1/DTD/xhtml1-transitional.dtd">
<html xmlns="http://www.w3.org/1999/xhtml" xml:lang="en" lang="en">
 <head>
  <title>
</title>
<meta http-equiv="Content-Type" content="text/html;charset=utf-8" />
  <meta name='ocr-system' content='tesseract 3.04.00' />
  <meta name='ocr-capabilities' content='ocr_page ocr_carea ocr_par ocr_line ocrx_word'/>
</head>
<body>
  <div class='ocr_page' id='page_1' title='image "./hermanniwitsiiae00wits_0130.png"; bbox 0 0 2539 3612; ppageno 0'>
   <div class='ocr_carea' id='block_1_1' title="bbox 136 1568 241 1609">
    <p class='ocr_par' dir='ltr' id='par_1_1' title="bbox 136 1568 241 1609">
     <span class='ocr_line' id='line_1_1' title="bbox 136 1568 241 1609; baseline -0.01 0"><span class='ocrx_word' id='word_1_1' title='bbox 136 1568 241 1609; x_wconf 67' lang='lat' dir='ltr'><strong>Arm.</strong></span> 
     </span>
    </p>
   </div>
   <div class='ocr_carea' id='block_1_2' title="bbox 258 1577 320 1607">
    <p class='ocr_par' dir='ltr' id='par_1_2' title="bbox 258 1577 320 1607">
     <span class='ocr_line' id='line_1_2' title="bbox 258 1577 320 1607; baseline -0.016 0"><span class='ocrx_word' id='word_1_2' title='bbox 258 1577 320 1607; x_wconf 72' lang='lat'><strong>11.</strong></span> 
     </span>
    </p>
   </div>
   <div class='ocr_carea' id='block_1_3' title="bbox 434 186 1910 255">
    <p class='ocr_par' dir='ltr' id='par_1_3' title="bbox 434 186 1910 255">
     <span class='ocr_line' id='line_1_3' title="bbox 434 186 1910 255; baseline -0.007 0"><span class='ocrx_word' id='word_1_3' title='bbox 434 186 551 255; x_wconf 65' lang='lat'><strong>106</strong></span> <span class='ocrx_word' id='word_1_4' title='bbox 916 193 1910 253; x_wconf 73' lang='lat' dir='ltr'><strong>AEGYP‘rxAcoRUM</strong></span> 
     </span>
    </p>
   </div>
   <div class='ocr_carea' id='block_1_4' title="bbox 419 287 2423 3294">
    <p class='ocr_par' dir='ltr' id='par_1_4' title="bbox 428 287 2417 1106">
     <span class='ocr_line' id='line_1_4' title="bbox 428 287 2404 372; baseline -0.011 -11"><span class='ocrx_word' id='word_1_5' title='bbox 428 297 601 360; x_wconf 82' lang='lat' dir='ltr'><strong>rofior</strong></span> <span class='ocrx_word' id='word_1_6' title='bbox 623 299 683 359; x_wconf 89' lang='lat' dir='ltr'><strong>in</strong></span> <span class='ocrx_word' id='word_1_7' title='bbox 716 296 1052 357; x_wconf 81' lang='lat' dir='ltr'><strong>meretricem</strong></span> <span class='ocrx_word' id='word_1_8' title='bbox 1088 289 1368 372; x_wconf 76' lang='lat' dir='ltr'><strong>inquisitio</strong></span> <span class='ocrx_word' id='word_1_9' title='bbox 1404 287 1785 348; x_wconf 83' lang='lat' dir='ltr'><strong>institueretur.</strong></span> <span class='ocrx_word' id='word_1_10' title='bbox 1871 290 2108 346; x_wconf 83' lang='lat' dir='ltr'><strong>Retineat</strong></span> <span class='ocrx_word' id='word_1_11' title='bbox 2128 287 2255 368; x_wconf 72' lang='lat' dir='ltr'><strong>fibi,</strong></span> <span class='ocrx_word' id='word_1_12' title='bbox 2311 294 2404 354; x_wconf 75' lang='lat' dir='ltr'><strong>in...</strong></span> 
     </span>
     <span class='ocr_line' id='line_1_5' title="bbox 469 367 2399 457; baseline -0.006 -17"><span class='ocrx_word' id='word_1_13' title='bbox 469 383 581 453; x_wconf 89' lang='lat' dir='ltr'><strong>uit,</strong></span> <span class='ocrx_word' id='word_1_14' title='bbox 623 401 687 439; x_wconf 89' lang='lat' dir='ltr'><strong>ne</strong></span> <span class='ocrx_word' id='word_1_15' title='bbox 698 380 842 457; x_wconf 82' lang='lat' dir='ltr'><strong>forte</strong></span> <span class='ocrx_word' id='word_1_16' title='bbox 864 379 1138 433; x_wconf 84' lang='lat' dir='ltr'><strong>contemtui</strong></span> <span class='ocrx_word' id='word_1_17' title='bbox 1149 376 1322 455; x_wconf 80' lang='lat' dir='ltr'><strong>fimus.</strong></span> <span class='ocrx_word' id='word_1_18' title='bbox 1367 372 1624 453; x_wconf 81' lang='lat' dir='ltr'>Agnovit</span> <span class='ocrx_word' id='word_1_19' title='bbox 1648 373 1818 453; x_wconf 83' lang='lat' dir='ltr'><strong>igitur</strong></span> <span class='ocrx_word' id='word_1_20' title='bbox 1840 369 1897 429; x_wconf 94' lang='lat' dir='ltr'><strong>id</strong></span> <span class='ocrx_word' id='word_1_21' title='bbox 1921 367 1971 427; x_wconf 92' lang='lat' dir='ltr'><strong>se</strong></span> <span class='ocrx_word' id='word_1_22' title='bbox 1997 367 2200 443; x_wconf 79' lang='lat' dir='ltr'><strong>fecisse,</strong></span> <span class='ocrx_word' id='word_1_23' title='bbox 2228 374 2399 454; x_wconf 87' lang='lat' dir='ltr'><strong>quod,</strong></span> 
     </span>
     <span class='ocr_line' id='line_1_6' title="bbox 429 402 2403 537; baseline -0.004 -15"><span class='ocrx_word' id='word_1_24' title='bbox 429 402 472 520; x_wconf 49' lang='grc' dir='ltr'>ᾖ</span> <span class='ocrx_word' id='word_1_25' title='bbox 494 459 853 521; x_wconf 85' lang='lat' dir='ltr'>innotesceret</span> <span class='ocrx_word' id='word_1_26' title='bbox 875 462 928 514; x_wconf 75' lang='grc' dir='ltr'><strong>δε</strong></span> <span class='ocrx_word' id='word_1_27' title='bbox 953 453 1132 515; x_wconf 89' lang='lat' dir='ltr'><strong>fabula</strong></span> <span class='ocrx_word' id='word_1_28' title='bbox 1153 455 1305 537; x_wconf 87' lang='lat' dir='ltr'><strong>vulgi</strong></span> <span class='ocrx_word' id='word_1_29' title='bbox 1327 452 1522 526; x_wconf 72' lang='lat' dir='ltr'><strong>fieret,</strong></span> <span class='ocrx_word' id='word_1_30' title='bbox 1555 450 1990 512; x_wconf 86' lang='lat' dir='ltr'><strong>contemtibilem</strong></span> <span class='ocrx_word' id='word_1_31' title='bbox 2014 449 2185 531; x_wconf 88' lang='lat' dir='ltr'><strong>ipsum</strong></span> <span class='ocrx_word' id='word_1_32' title='bbox 2211 453 2403 514; x_wconf 63' lang='lat' dir='ltr'><strong>redde-2</strong></span> 
     </span>
     <span class='ocr_line' id='line_1_7' title="bbox 430 531 2406 622; baseline -0.004 -22"><span class='ocrx_word' id='word_1_33' title='bbox 430 560 515 600; x_wconf 82' lang='lat' dir='ltr'><strong>ret</strong></span> <span class='ocrx_word' id='word_1_34' title='bbox 539 539 679 622; x_wconf 89' lang='lat' dir='ltr'><strong>apud</strong></span> <span class='ocrx_word' id='word_1_35' title='bbox 713 539 994 608; x_wconf 81' lang='lat' dir='ltr'><strong>homineS,</strong></span> <span class='ocrx_word' id='word_1_36' title='bbox 1036 536 1238 596; x_wconf 88' lang='lat' dir='ltr'><strong>nedum</strong></span> <span class='ocrx_word' id='word_1_37' title='bbox 1270 538 1475 594; x_wconf 88' lang='lat' dir='ltr'><strong>Deum.</strong></span> <span class='ocrx_word' id='word_1_38' title='bbox 1563 531 1824 593; x_wconf 86' lang='lat' dir='ltr'><strong>Incassum</strong></span> <span class='ocrx_word' id='word_1_39' title='bbox 1857 531 2062 591; x_wconf 88' lang='lat' dir='ltr'><strong>laborat</strong></span> <span class='ocrx_word' id='word_1_40' title='bbox 2098 538 2406 593; x_wconf 70' lang='lat' dir='ltr'><strong>Maimoni·=</strong></span> 
     </span>
     <span class='ocr_line' id='line_1_8' title="bbox 428 612 2407 701; baseline -0.002 -22"><span class='ocrx_word' id='word_1_41' title='bbox 428 621 519 679; x_wconf 78' lang='lat' dir='ltr'><strong>des</strong></span> <span class='ocrx_word' id='word_1_42' title='bbox 536 666 553 693; x_wconf 86' lang='lat'>‚</span> <span class='ocrx_word' id='word_1_43' title='bbox 597 641 769 701; x_wconf 88' lang='lat' dir='ltr'><strong>quum</strong></span> <span class='ocrx_word' id='word_1_44' title='bbox 791 620 848 679; x_wconf 90' lang='lat' dir='ltr'><strong>id</strong></span> <span class='ocrx_word' id='word_1_45' title='bbox 871 617 1032 679; x_wconf 86' lang='lat' dir='ltr'><strong>trahit</strong></span> <span class='ocrx_word' id='word_1_46' title='bbox 1055 617 1120 678; x_wconf 88' lang='lat' dir='ltr'><strong>ad</strong></span> <span class='ocrx_word' id='word_1_47' title='bbox 1153 616 1530 678; x_wconf 88' lang='lat' dir='ltr'><strong>verecundiam</strong></span> <span class='ocrx_word' id='word_1_48' title='bbox 1565 616 1711 674; x_wconf 83' lang='lat' dir='ltr'><strong>illam</strong></span> <span class='ocrx_word' id='word_1_49' title='bbox 1747 637 1853 696; x_wconf 89' lang='lat' dir='ltr'><strong>qua</strong></span> <span class='ocrx_word' id='word_1_50' title='bbox 1884 612 2135 674; x_wconf 87' lang='lat' dir='ltr'><strong>homines</strong></span> <span class='ocrx_word' id='word_1_51' title='bbox 2173 616 2407 676; x_wconf 79' lang='lat' dir='ltr'><strong>modesti</strong></span> 
     </span>
     <span class='ocr_line' id='line_1_9' title="bbox 431 696 2408 777; baseline -0.002 -17"><span class='ocrx_word' id='word_1_52' title='bbox 431 722 489 759; x_wconf 84' lang='lat' dir='ltr'><strong>ac</strong></span> <span class='ocrx_word' id='word_1_53' title='bbox 515 700 639 760; x_wconf 82' lang='lat' dir='ltr'><strong>casti</strong></span> <span class='ocrx_word' id='word_1_54' title='bbox 676 703 838 760; x_wconf 85' lang='lat' dir='ltr'><strong>etiam</strong></span> <span class='ocrx_word' id='word_1_55' title='bbox 873 700 939 760; x_wconf 91' lang='lat' dir='ltr'><strong>de</strong></span> <span class='ocrx_word' id='word_1_56' title='bbox 965 699 1126 759; x_wconf 89' lang='lat' dir='ltr'><strong>thoro</strong></span> <span class='ocrx_word' id='word_1_57' title='bbox 1163 698 1549 757; x_wconf 84' lang='lat' dir='ltr'><strong>matrimoniali</strong></span> <span class='ocrx_word' id='word_1_58' title='bbox 1580 697 1884 777; x_wconf 87' lang='lat' dir='ltr'><strong>loquuntur</strong></span> <span class='ocrx_word' id='word_1_59' title='bbox 1907 738 1923 765; x_wconf 88' lang='lat'>,</span> <span class='ocrx_word' id='word_1_60' title='bbox 1978 696 2063 753; x_wconf 86' lang='lat' dir='ltr'><strong>vel</strong></span> <span class='ocrx_word' id='word_1_61' title='bbox 2097 700 2259 755; x_wconf 89' lang='lat' dir='ltr'><strong>taceri</strong></span> <span class='ocrx_word' id='word_1_62' title='bbox 2292 720 2408 756; x_wconf 83' lang='lat' dir='ltr'><strong>ma-</strong></span> 
     </span>
     <span class='ocr_line' id='line_1_10' title="bbox 430 774 2406 861; baseline -0.001 -23"><span class='ocrx_word' id='word_1_63' title='bbox 430 783 567 840; x_wconf 87' lang='lat' dir='ltr'><strong>lunt.</strong></span> <span class='ocrx_word' id='word_1_64' title='bbox 653 783 795 840; x_wconf 91' lang='lat' dir='ltr'><strong>Non</strong></span> <span class='ocrx_word' id='word_1_65' title='bbox 831 783 982 840; x_wconf 89' lang='lat' dir='ltr'><strong>enim</strong></span> <span class='ocrx_word' id='word_1_66' title='bbox 1015 779 1278 839; x_wconf 88' lang='lat' dir='ltr'><strong>erubescit</strong></span> <span class='ocrx_word' id='word_1_67' title='bbox 1313 779 1421 861; x_wconf 89' lang='lat' dir='ltr'><strong>ipse</strong></span> <span class='ocrx_word' id='word_1_68' title='bbox 1455 780 1571 841; x_wconf 89' lang='lat' dir='ltr'><strong>Dei</strong></span> <span class='ocrx_word' id='word_1_69' title='bbox 1601 779 1827 858; x_wconf 88' lang='lat' dir='ltr'><strong>Spiritus</strong></span> <span class='ocrx_word' id='word_1_70' title='bbox 1852 823 1869 849; x_wconf 87' lang='lat'>‚</span> <span class='ocrx_word' id='word_1_71' title='bbox 1923 774 2021 834; x_wconf 88' lang='lat' dir='ltr'><strong>ubi</strong></span> <span class='ocrx_word' id='word_1_72' title='bbox 2058 798 2139 835; x_wconf 86' lang='lat' dir='ltr'><strong>res</strong></span> <span class='ocrx_word' id='word_1_73' title='bbox 2174 780 2246 835; x_wconf 89' lang='lat' dir='ltr'><strong>ita</strong></span> <span class='ocrx_word' id='word_1_74' title='bbox 2282 776 2406 851; x_wconf 82' lang='lat' dir='ltr'><strong>fert,</strong></span> 
     </span>
     <span class='ocr_line' id='line_1_11' title="bbox 432 856 2414 944; baseline -0.002 -24"><span class='ocrx_word' id='word_1_75' title='bbox 432 862 599 921; x_wconf 88' lang='lat' dir='ltr'><strong>castos</strong></span> <span class='ocrx_word' id='word_1_76' title='bbox 625 870 925 944; x_wconf 86' lang='lat' dir='ltr'><strong>conjugum</strong></span> <span class='ocrx_word' id='word_1_77' title='bbox 947 881 1156 919; x_wconf 90' lang='lat' dir='ltr'><strong>amores</strong></span> <span class='ocrx_word' id='word_1_78' title='bbox 1183 868 1237 920; x_wconf 86' lang='lat'>&amp;</span> <span class='ocrx_word' id='word_1_79' title='bbox 1262 863 1533 942; x_wconf 83' lang='lat' dir='ltr'><strong>amplexus</strong></span> <span class='ocrx_word' id='word_1_80' title='bbox 1558 881 1780 918; x_wconf 86' lang='lat' dir='ltr'><strong>narrare.</strong></span> <span class='ocrx_word' id='word_1_81' title='bbox 1825 860 1949 917; x_wconf 89' lang='lat' dir='ltr'><strong>Nec</strong></span> <span class='ocrx_word' id='word_1_82' title='bbox 1975 856 2082 917; x_wconf 86' lang='lat' dir='ltr'><strong>fuit</strong></span> <span class='ocrx_word' id='word_1_83' title='bbox 2106 880 2166 917; x_wconf 89' lang='lat' dir='ltr'><strong>ea</strong></span> <span class='ocrx_word' id='word_1_84' title='bbox 2187 880 2267 918; x_wconf 90' lang='lat' dir='ltr'><strong>res</strong></span> <span class='ocrx_word' id='word_1_85' title='bbox 2294 861 2414 917; x_wconf 89' lang='lat' dir='ltr'><strong>cui-</strong></span> 
     </span>
     <span class='ocr_line' id='line_1_12' title="bbox 431 939 2417 1082; baseline -0.002 -81"><span class='ocrx_word' id='word_1_86' title='bbox 431 965 596 1082; x_wconf 46' lang='lat' dir='ltr'><strong>guam</strong></span> <span class='ocrx_word' id='word_1_87' title='bbox 619 945 886 1005; x_wconf 84' lang='lat' dir='ltr'><strong>dedecori.</strong></span> <span class='ocrx_word' id='word_1_88' title='bbox 903 943 1035 1004; x_wconf 90' lang='lat' dir='ltr'><strong>Vid.</strong></span> <span class='ocrx_word' id='word_1_89' title='bbox 1058 941 1207 1003; x_wconf 86' lang='lat' dir='ltr'><strong>Gen.</strong></span> <span class='ocrx_word' id='word_1_90' title='bbox 1233 964 1362 1004; x_wconf 85' lang='lat' dir='ltr'><strong>xvn.</strong></span> <span class='ocrx_word' id='word_1_91' title='bbox 1383 960 1471 1021; x_wconf 83' lang='lat'><strong>25.</strong></span> <span class='ocrx_word' id='word_1_92' title='bbox 1486 962 1631 1002; x_wconf 71' lang='lat' dir='ltr'><strong>xxm.</strong></span> <span class='ocrx_word' id='word_1_93' title='bbox 1649 963 1675 999; x_wconf 91' lang='lat'>2</span> <span class='ocrx_word' id='word_1_94' title='bbox 1690 963 1738 1022; x_wconf 84' lang='lat'><strong>3.</strong></span> <span class='ocrx_word' id='word_1_95' title='bbox 1759 962 1848 1025; x_wconf 87' lang='lat'><strong>30.</strong></span> <span class='ocrx_word' id='word_1_96' title='bbox 1862 964 1978 1002; x_wconf 84' lang='lat' dir='ltr'><strong>xxx.</strong></span> <span class='ocrx_word' id='word_1_97' title='bbox 2001 957 2121 1018; x_wconf 84' lang='lat'><strong>15.1</strong></span> <span class='ocrx_word' id='word_1_98' title='bbox 2135 947 2189 998; x_wconf 89' lang='lat'><strong>6.</strong></span> <span class='ocrx_word' id='word_1_99' title='bbox 2205 946 2260 1000; x_wconf 88' lang='lat'>&amp;</span> <span class='ocrx_word' id='word_1_100' title='bbox 2284 939 2417 1000; x_wconf 85' lang='lat' dir='ltr'><strong>alibi</strong></span> 
     </span>
     <span class='ocr_line' id='line_1_13' title="bbox 457 1044 761 1106; baseline 0.003 -24"><span class='ocrx_word' id='word_1_101' title='bbox 457 1044 761 1106; x_wconf 78' lang='lat' dir='ltr'><strong>requenter.</strong></span> 
     </span>
    </p>

    <p class='ocr_par' dir='ltr' id='par_1_5' title="bbox 419 1103 2423 2783">
     <span class='ocr_line' id='line_1_14' title="bbox 513 1103 2414 1183; baseline 0 -19"><span class='ocrx_word' id='word_1_102' title='bbox 513 1110 699 1167; x_wconf 89' lang='lat' dir='ltr'><strong>XVII.</strong></span> <span class='ocrx_word' id='word_1_103' title='bbox 743 1111 956 1167; x_wconf 88' lang='lat' dir='ltr'><strong>Verum</strong></span> <span class='ocrx_word' id='word_1_104' title='bbox 991 1108 1270 1166; x_wconf 82' lang='lat' dir='ltr'><strong>enimvero</strong></span> <span class='ocrx_word' id='word_1_105' title='bbox 1317 1106 1375 1165; x_wconf 87' lang='lat' dir='ltr'><strong>id</strong></span> <span class='ocrx_word' id='word_1_106' title='bbox 1413 1126 1605 1164; x_wconf 89' lang='lat' dir='ltr'><strong>omnes</strong></span> <span class='ocrx_word' id='word_1_107' title='bbox 1640 1103 1974 1163; x_wconf 73' lang='lat' dir='ltr'><strong>verecundiae</strong></span> <span class='ocrx_word' id='word_1_108' title='bbox 2019 1104 2162 1183; x_wconf 88' lang='lat' dir='ltr'><strong>leges</strong></span> <span class='ocrx_word' id='word_1_109' title='bbox 2215 1106 2414 1179; x_wconf 82' lang='lat' dir='ltr'><strong>violat,</strong></span> 
     </span>
     <span class='ocr_line' id='line_1_15' title="bbox 434 1186 2417 1268; baseline 0 -24"><span class='ocrx_word' id='word_1_110' title='bbox 434 1188 587 1268; x_wconf 90' lang='lat' dir='ltr'><strong>quod</strong></span> <span class='ocrx_word' id='word_1_111' title='bbox 610 1190 976 1247; x_wconf 84' lang='lat' dir='ltr'><strong>Maimonides</strong></span> <span class='ocrx_word' id='word_1_112' title='bbox 1005 1191 1214 1246; x_wconf 87' lang='lat' dir='ltr'><strong>coitum</strong></span> <span class='ocrx_word' id='word_1_113' title='bbox 1240 1207 1364 1244; x_wconf 89' lang='lat' dir='ltr'><strong>cum</strong></span> <span class='ocrx_word' id='word_1_114' title='bbox 1375 1187 1537 1263; x_wconf 81' lang='lat' dir='ltr'><strong>scorto</strong></span> <span class='ocrx_word' id='word_1_115' title='bbox 1561 1203 1682 1242; x_wconf 88' lang='lat' dir='ltr'><strong>ante</strong></span> <span class='ocrx_word' id='word_1_116' title='bbox 1707 1186 1886 1265; x_wconf 83' lang='lat' dir='ltr'><strong>legem</strong></span> <span class='ocrx_word' id='word_1_117' title='bbox 1908 1186 2067 1241; x_wconf 88' lang='lat' dir='ltr'><strong>latam</strong></span> <span class='ocrx_word' id='word_1_118' title='bbox 2089 1204 2206 1241; x_wconf 91' lang='lat' dir='ltr'><strong>non</strong></span> <span class='ocrx_word' id='word_1_119' title='bbox 2234 1188 2417 1244; x_wconf 83' lang='lat' dir='ltr'><strong>minus</strong></span> 
     </span>
     <span class='ocr_line' id='line_1_16' title="bbox 431 1262 2419 1350; baseline -0.001 -25"><span class='ocrx_word' id='word_1_120' title='bbox 431 1266 898 1328; x_wconf 73' lang='lat' dir='ltr'><strong>honestumfiliffe</strong></span> <span class='ocrx_word' id='word_1_121' title='bbox 923 1267 1102 1327; x_wconf 84' lang='lat' dir='ltr'><strong>afferat</strong></span> <span class='ocrx_word' id='word_1_122' title='bbox 1125 1289 1287 1350; x_wconf 84' lang='lat' dir='ltr'><strong>quam</strong></span> <span class='ocrx_word' id='word_1_123' title='bbox 1312 1271 1495 1330; x_wconf 83' lang='lat' dir='ltr'><strong>mariti</strong></span> <span class='ocrx_word' id='word_1_124' title='bbox 1519 1287 1643 1324; x_wconf 92' lang='lat' dir='ltr'><strong>cum</strong></span> <span class='ocrx_word' id='word_1_125' title='bbox 1666 1262 1754 1322; x_wconf 90' lang='lat' dir='ltr'><strong>sua</strong></span> <span class='ocrx_word' id='word_1_126' title='bbox 1777 1287 1958 1323; x_wconf 85' lang='lat' dir='ltr'><strong>uxore:</strong></span> <span class='ocrx_word' id='word_1_127' title='bbox 1998 1264 2255 1344; x_wconf 89' lang='lat' dir='ltr'><strong>quodque</strong></span> <span class='ocrx_word' id='word_1_128' title='bbox 2279 1288 2419 1324; x_wconf 87' lang='lat' dir='ltr'><strong>mer-</strong></span> 
     </span>
     <span class='ocr_line' id='line_1_17' title="bbox 431 1342 2418 1409; baseline 0 -3"><span class='ocrx_word' id='word_1_129' title='bbox 431 1349 603 1407; x_wconf 82' lang='lat' dir='ltr'><strong>cedem</strong></span> <span class='ocrx_word' id='word_1_130' title='bbox 625 1355 971 1409; x_wconf 72' lang='lat' dir='ltr'><strong>meretriciam</strong></span> <span class='ocrx_word' id='word_1_131' title='bbox 994 1372 1120 1408; x_wconf 89' lang='lat' dir='ltr'><strong>cum</strong></span> <span class='ocrx_word' id='word_1_132' title='bbox 1143 1350 1258 1407; x_wconf 86' lang='lat' dir='ltr'><strong>dote</strong></span> <span class='ocrx_word' id='word_1_133' title='bbox 1283 1353 1435 1406; x_wconf 85' lang='lat' dir='ltr'><strong>uxori</strong></span> <span class='ocrx_word' id='word_1_134' title='bbox 1468 1346 1599 1403; x_wconf 81' lang='lat' dir='ltr'><strong>data</strong></span> <span class='ocrx_word' id='word_1_135' title='bbox 1623 1342 1880 1403; x_wconf 84' lang='lat' dir='ltr'><strong>conferat.</strong></span> <span class='ocrx_word' id='word_1_136' title='bbox 1936 1345 2260 1403; x_wconf 83' lang='lat' dir='ltr'><strong>Prudentius</strong></span> <span class='ocrx_word' id='word_1_137' title='bbox 2294 1348 2418 1406; x_wconf 89' lang='lat' dir='ltr'><strong>Ro·-</strong></span> 
     </span>
     <span class='ocr_line' id='line_1_18' title="bbox 432 1424 2418 1512; baseline -0.001 -24"><span class='ocrx_word' id='word_1_138' title='bbox 432 1452 719 1490; x_wconf 88' lang='lat' dir='ltr'><strong>manorum</strong></span> <span class='ocrx_word' id='word_1_139' title='bbox 743 1430 1190 1512; x_wconf 84' lang='lat' dir='ltr'><strong>Jurisconsultus‚</strong></span> <span class='ocrx_word' id='word_1_140' title='bbox 1234 1433 1382 1502; x_wconf 84' lang='lat' dir='ltr'><strong>cujus</strong></span> <span class='ocrx_word' id='word_1_141' title='bbox 1409 1425 1602 1484; x_wconf 91' lang='lat' dir='ltr'><strong>scitum</strong></span> <span class='ocrx_word' id='word_1_142' title='bbox 1628 1424 1731 1497; x_wconf 82' lang='lat' dir='ltr'><strong>est,</strong></span> <span class='ocrx_word' id='word_1_143' title='bbox 1775 1431 2064 1484; x_wconf 79' lang='lat' dir='ltr'><strong>meretrices</strong></span> <span class='ocrx_word' id='word_1_144' title='bbox 2087 1431 2304 1509; x_wconf 72' lang='lat' dir='ltr'><strong>turpiter</strong></span> <span class='ocrx_word' id='word_1_145' title='bbox 2314 1429 2418 1506; x_wconf 83' lang='lat' dir='ltr'><strong>fa-</strong></span> 
     </span>
     <span class='ocr_line' id='line_1_19' title="bbox 432 1507 2421 1593; baseline -0.001 -26"><span class='ocrx_word' id='word_1_146' title='bbox 432 1531 541 1570; x_wconf 85' lang='lat' dir='ltr'><strong>cere</strong></span> <span class='ocrx_word' id='word_1_147' title='bbox 562 1511 696 1593; x_wconf 79' lang='lat' dir='ltr'><strong>quod</strong></span> <span class='ocrx_word' id='word_1_148' title='bbox 721 1517 1010 1570; x_wconf 78' lang='lat' dir='ltr'><strong>meretrices</strong></span> <span class='ocrx_word' id='word_1_149' title='bbox 1047 1512 1215 1586; x_wconf 77' lang='lat' dir='ltr'><strong>essent:</strong></span> <span class='ocrx_word' id='word_1_150' title='bbox 1260 1514 1315 1565; x_wconf 88' lang='lat'>&amp;</span> <span class='ocrx_word' id='word_1_151' title='bbox 1351 1507 1566 1566; x_wconf 67' lang='lat' dir='ltr'><strong>Tacitue</strong></span> <span class='ocrx_word' id='word_1_152' title='bbox 1592 1529 1613 1565; x_wconf 74' lang='lat'><strong>.-</strong></span> <span class='ocrx_word' id='word_1_153' title='bbox 1658 1526 1864 1591; x_wconf 81' lang='lat' dir='ltr'><strong>poenam</strong></span> <span class='ocrx_word' id='word_1_154' title='bbox 1897 1510 1977 1583; x_wconf 72' lang='lat' dir='ltr'><strong>effe</strong></span> <span class='ocrx_word' id='word_1_155' title='bbox 2008 1512 2065 1564; x_wconf 87' lang='lat' dir='ltr'><strong>in</strong></span> <span class='ocrx_word' id='word_1_156' title='bbox 2101 1509 2206 1591; x_wconf 66' lang='lat' dir='ltr'><strong>ipſse</strong></span> <span class='ocrx_word' id='word_1_157' title='bbox 2223 1509 2421 1593; x_wconf 57' lang='lat' dir='ltr'><strong>profes-&#39;4</strong></span> 
     </span>
     <span class='ocr_line' id='line_1_20' title="bbox 419 1587 2418 1674; baseline 0.001 -26"><span class='ocrx_word' id='word_1_158' title='bbox 419 1595 562 1673; x_wconf 83' lang='lat' dir='ltr'><strong>stone</strong></span> <span class='ocrx_word' id='word_1_159' title='bbox 573 1594 797 1674; x_wconf 81' lang='lat' dir='ltr'><strong>flagitii.</strong></span> <span class='ocrx_word' id='word_1_160' title='bbox 887 1593 1223 1671; x_wconf 82' lang='lat' dir='ltr'><strong>Qicunque</strong></span> <span class='ocrx_word' id='word_1_161' title='bbox 1249 1611 1313 1646; x_wconf 85' lang='lat' dir='ltr'><strong>ex</strong></span> <span class='ocrx_word' id='word_1_162' title='bbox 1337 1589 1655 1647; x_wconf 87' lang='lat' dir='ltr'><strong>Gentilium</strong></span> <span class='ocrx_word' id='word_1_163' title='bbox 1677 1587 2004 1668; x_wconf 78' lang='lat' dir='ltr'><strong>sapientibus</strong></span> <span class='ocrx_word' id='word_1_164' title='bbox 2030 1593 2086 1646; x_wconf 88' lang='lat'>&amp;</span> <span class='ocrx_word' id='word_1_165' title='bbox 2109 1592 2418 1670; x_wconf 82' lang='lat' dir='ltr'><strong>Legislato-</strong></span> 
     </span>
     <span class='ocr_line' id='line_1_21' title="bbox 432 1668 2420 1750; baseline -0.001 -19"><span class='ocrx_word' id='word_1_166' title='bbox 432 1673 582 1731; x_wconf 86' lang='lat' dir='ltr'><strong>ribus</strong></span> <span class='ocrx_word' id='word_1_167' title='bbox 610 1672 993 1731; x_wconf 81' lang='lat' dir='ltr'><strong>scortationem</strong></span> <span class='ocrx_word' id='word_1_168' title='bbox 1017 1690 1078 1729; x_wconf 89' lang='lat' dir='ltr'><strong>ut</strong></span> <span class='ocrx_word' id='word_1_169' title='bbox 1100 1674 1304 1729; x_wconf 86' lang='lat' dir='ltr'><strong>licitam</strong></span> <span class='ocrx_word' id='word_1_170' title='bbox 1327 1668 1611 1750; x_wconf 87' lang='lat' dir='ltr'><strong>permisere</strong></span> <span class='ocrx_word' id='word_1_171' title='bbox 1625 1694 1642 1739; x_wconf 84' lang='lat'>3</span> <span class='ocrx_word' id='word_1_172' title='bbox 1686 1672 1766 1727; x_wconf 90' lang='lat' dir='ltr'><strong>illi</strong></span> <span class='ocrx_word' id='word_1_173' title='bbox 1795 1669 1899 1727; x_wconf 89' lang='lat' dir='ltr'><strong>suis</strong></span> <span class='ocrx_word' id='word_1_174' title='bbox 1925 1671 2265 1750; x_wconf 87' lang='lat' dir='ltr'><strong>aliorumque</strong></span> <span class='ocrx_word' id='word_1_175' title='bbox 2288 1671 2420 1729; x_wconf 83' lang='lat' dir='ltr'><strong>libi-</strong></span> 
     </span>
     <span class='ocr_line' id='line_1_22' title="bbox 432 1747 2418 1833; baseline -0.001 -20"><span class='ocrx_word' id='word_1_176' title='bbox 432 1753 650 1813; x_wconf 87' lang='lat' dir='ltr'><strong>dinibus</strong></span> <span class='ocrx_word' id='word_1_177' title='bbox 686 1757 849 1812; x_wconf 88' lang='lat' dir='ltr'><strong>nimis</strong></span> <span class='ocrx_word' id='word_1_178' title='bbox 898 1754 1239 1833; x_wconf 85' lang='lat' dir='ltr'><strong>indulgentes</strong></span> <span class='ocrx_word' id='word_1_179' title='bbox 1276 1795 1292 1820; x_wconf 87' lang='lat'>‚</span> <span class='ocrx_word' id='word_1_180' title='bbox 1357 1768 1554 1807; x_wconf 83' lang='lat' dir='ltr'><strong>naturae</strong></span> <span class='ocrx_word' id='word_1_181' title='bbox 1591 1751 1797 1806; x_wconf 90' lang='lat' dir='ltr'><strong>lumine</strong></span> <span class='ocrx_word' id='word_1_182' title='bbox 1836 1747 1977 1806; x_wconf 65' lang='lat' dir='ltr'><strong>rche</strong></span> <span class='ocrx_word' id='word_1_183' title='bbox 2011 1748 2089 1806; x_wconf 89' lang='lat' dir='ltr'><strong>ufi</strong></span> <span class='ocrx_word' id='word_1_184' title='bbox 2126 1771 2240 1807; x_wconf 90' lang='lat' dir='ltr'><strong>non</strong></span> <span class='ocrx_word' id='word_1_185' title='bbox 2279 1749 2418 1821; x_wconf 85' lang='lat' dir='ltr'><strong>sunt.</strong></span> 
     </span>
     <span class='ocr_line' id='line_1_23' title="bbox 431 1827 2415 1915; baseline -0.001 -22"><span class='ocrx_word' id='word_1_186' title='bbox 431 1836 666 1915; x_wconf 83' lang='lat' dir='ltr'><strong>Fuitque</strong></span> <span class='ocrx_word' id='word_1_187' title='bbox 691 1835 800 1893; x_wconf 82' lang='lat' dir='ltr'><strong>haec</strong></span> <span class='ocrx_word' id='word_1_188' title='bbox 825 1832 955 1911; x_wconf 86' lang='lat' dir='ltr'><strong>justa</strong></span> <span class='ocrx_word' id='word_1_189' title='bbox 979 1834 1214 1912; x_wconf 63' lang='lat' dir='ltr'><strong>neglecti</strong></span> <span class='ocrx_word' id='word_1_190' title='bbox 1240 1849 1400 1911; x_wconf 86' lang='lat' dir='ltr'><strong>atque</strong></span> <span class='ocrx_word' id='word_1_191' title='bbox 1438 1828 1653 1909; x_wconf 75' lang='lat' dir='ltr'><strong>insuper</strong></span> <span class='ocrx_word' id='word_1_192' title='bbox 1674 1827 1849 1887; x_wconf 89' lang='lat' dir='ltr'><strong>habiti</strong></span> <span class='ocrx_word' id='word_1_193' title='bbox 1882 1832 2124 1888; x_wconf 89' lang='lat' dir='ltr'><strong>numinis</strong></span> <span class='ocrx_word' id='word_1_194' title='bbox 2159 1830 2415 1906; x_wconf 58' lang='lat' dir='ltr'><strong>vindiota,</strong></span> 
     </span>
     <span class='ocr_line' id='line_1_24' title="bbox 432 1909 2418 1998; baseline -0.002 -25"><span class='ocrx_word' id='word_1_195' title='bbox 432 1932 492 1973; x_wconf 83' lang='lat' dir='ltr'><strong>ut</strong></span> <span class='ocrx_word' id='word_1_196' title='bbox 516 1917 842 1974; x_wconf 86' lang='lat' dir='ltr'><strong>traderentur</strong></span> <span class='ocrx_word' id='word_1_197' title='bbox 865 1913 1233 1998; x_wconf 73' lang='lat' dir='ltr'><strong>cupiditatibus·</strong></span> <span class='ocrx_word' id='word_1_198' title='bbox 1254 1911 1487 1970; x_wconf 83' lang='lat' dir='ltr'><strong>cordium</strong></span> <span class='ocrx_word' id='word_1_199' title='bbox 1493 1910 1701 1989; x_wconf 83' lang='lat' dir='ltr'><strong>suorum</strong></span> <span class='ocrx_word' id='word_1_200' title='bbox 1723 1909 1801 1967; x_wconf 82' lang='lat' dir='ltr'><strong>ad</strong></span> <span class='ocrx_word' id='word_1_201' title='bbox 1820 1916 2199 1994; x_wconf 83' lang='lat' dir='ltr'><strong>impuritatem,</strong></span> <span class='ocrx_word' id='word_1_202' title='bbox 2242 1929 2298 1970; x_wconf 89' lang='lat' dir='ltr'><strong>ut</strong></span> <span class='ocrx_word' id='word_1_203' title='bbox 2309 1915 2418 1991; x_wconf 85' lang='lat' dir='ltr'><strong>foe-</strong></span> 
     </span>
     <span class='ocr_line' id='line_1_25' title="bbox 434 1989 2418 2081; baseline -0.001 -27"><span class='ocrx_word' id='word_1_204' title='bbox 434 1995 621 2056; x_wconf 84' lang='lat' dir='ltr'><strong>darent</strong></span> <span class='ocrx_word' id='word_1_205' title='bbox 644 2016 854 2081; x_wconf 86' lang='lat' dir='ltr'><strong>corpora</strong></span> <span class='ocrx_word' id='word_1_206' title='bbox 866 1996 964 2074; x_wconf 76' lang='lat' dir='ltr'><strong>sita</strong></span> <span class='ocrx_word' id='word_1_207' title='bbox 988 2002 1122 2053; x_wconf 87' lang='lat' dir='ltr'><strong>inter</strong></span> <span class='ocrx_word' id='word_1_208' title='bbox 1139 1993 1206 2072; x_wconf 75' lang='lat' dir='ltr'><strong>se.</strong></span> <span class='ocrx_word' id='word_1_209' title='bbox 1290 1995 1460 2052; x_wconf 85' lang='lat' dir='ltr'><strong>Rom.</strong></span> <span class='ocrx_word' id='word_1_210' title='bbox 1493 2012 1541 2049; x_wconf 92' lang='lat'><strong>1.</strong></span> <span class='ocrx_word' id='word_1_211' title='bbox 1562 2012 1652 2070; x_wconf 88' lang='lat'><strong>24.</strong></span> <span class='ocrx_word' id='word_1_212' title='bbox 1701 1993 1870 2068; x_wconf 83' lang='lat' dir='ltr'><strong>Cujus</strong></span> <span class='ocrx_word' id='word_1_213' title='bbox 1895 1989 2154 2051; x_wconf 83' lang='lat' dir='ltr'><strong>foeditatis</strong></span> <span class='ocrx_word' id='word_1_214' title='bbox 2178 2015 2295 2072; x_wconf 91' lang='lat' dir='ltr'><strong>pars</strong></span> <span class='ocrx_word' id='word_1_215' title='bbox 2319 1993 2418 2053; x_wconf 76' lang='lat' dir='ltr'><strong>sal-</strong></span> 
     </span>
     <span class='ocr_line' id='line_1_26' title="bbox 437 2071 2419 2158; baseline -0.001 -22"><span class='ocrx_word' id='word_1_216' title='bbox 437 2095 551 2136; x_wconf 86' lang='lat' dir='ltr'><strong>tem</strong></span> <span class='ocrx_word' id='word_1_217' title='bbox 580 2080 755 2158; x_wconf 89' lang='lat' dir='ltr'><strong>aliqua</strong></span> <span class='ocrx_word' id='word_1_218' title='bbox 791 2076 1042 2135; x_wconf 87' lang='lat' dir='ltr'><strong>scortatio</strong></span> <span class='ocrx_word' id='word_1_219' title='bbox 1081 2075 1172 2134; x_wconf 91' lang='lat' dir='ltr'><strong>est.</strong></span> <span class='ocrx_word' id='word_1_220' title='bbox 1259 2076 1368 2134; x_wconf 91' lang='lat' dir='ltr'><strong>Uti</strong></span> <span class='ocrx_word' id='word_1_221' title='bbox 1406 2073 1710 2152; x_wconf 85' lang='lat' dir='ltr'><strong>colligimus</strong></span> <span class='ocrx_word' id='word_1_222' title='bbox 1735 2094 1799 2130; x_wconf 86' lang='lat' dir='ltr'><strong>ex</strong></span> <span class='ocrx_word' id='word_1_223' title='bbox 1831 2093 1855 2129; x_wconf 91' lang='lat'>1</span> <span class='ocrx_word' id='word_1_224' title='bbox 1889 2071 2052 2131; x_wconf 88' lang='lat' dir='ltr'><strong>Thes.</strong></span> <span class='ocrx_word' id='word_1_225' title='bbox 2091 2094 2173 2132; x_wconf 87' lang='lat' dir='ltr'><strong>1v.</strong></span> <span class='ocrx_word' id='word_1_226' title='bbox 2205 2095 2254 2153; x_wconf 89' lang='grc'><strong>3.</strong></span> <span class='ocrx_word' id='word_1_227' title='bbox 2279 2097 2336 2155; x_wconf 89' lang='lat'><strong>4.</strong></span> <span class='ocrx_word' id='word_1_228' title='bbox 2371 2093 2419 2155; x_wconf 77' lang='grc' dir='ltr'><strong>ς.</strong></span> 
     </span>
     <span class='ocr_line' id='line_1_27' title="bbox 437 2152 2423 2240; baseline -0.002 -24"><span class='ocrx_word' id='word_1_229' title='bbox 437 2158 757 2237; x_wconf 77' lang='lat' dir='ltr'><strong>Abstineatis</strong></span> <span class='ocrx_word' id='word_1_230' title='bbox 783 2181 819 2216; x_wconf 88' lang='lat' dir='ltr'><strong>a</strong></span> <span class='ocrx_word' id='word_1_231' title='bbox 833 2158 1155 2236; x_wconf 73' lang='lat' dir='ltr'><strong>scortatione.</strong></span> <span class='ocrx_word' id='word_1_232' title='bbox 1199 2158 1272 2212; x_wconf 90' lang='lat' dir='ltr'><strong>Ut</strong></span> <span class='ocrx_word' id='word_1_233' title='bbox 1281 2156 1417 2232; x_wconf 83' lang='lat' dir='ltr'><strong>sciat</strong></span> <span class='ocrx_word' id='word_1_234' title='bbox 1441 2153 1664 2233; x_wconf 74' lang='lat' dir='ltr'><strong>vestrum</strong></span> <span class='ocrx_word' id='word_1_235' title='bbox 1687 2152 2006 2234; x_wconf 39' lang='lat' dir='ltr'><strong>unusquisque</strong></span> <span class='ocrx_word' id='word_1_236' title='bbox 2026 2153 2176 2231; x_wconf 80' lang='lat' dir='ltr'><strong>situm</strong></span> <span class='ocrx_word' id='word_1_237' title='bbox 2197 2175 2288 2225; x_wconf 67' lang='lat' dir='ltr'><strong>viu</strong></span> <span class='ocrx_word' id='word_1_238' title='bbox 2305 2160 2423 2240; x_wconf 71' lang='lat' dir='ltr'><strong>pof-</strong></span> 
     </span>
     <span class='ocr_line' id='line_1_28' title="bbox 428 2234 2417 2320; baseline 0 -25"><span class='ocrx_word' id='word_1_239' title='bbox 428 2237 597 2320; x_wconf 81' lang='lat' dir='ltr'><strong>fidere</strong></span> <span class='ocrx_word' id='word_1_240' title='bbox 621 2247 677 2298; x_wconf 87' lang='lat' dir='ltr'><strong>in</strong></span> <span class='ocrx_word' id='word_1_241' title='bbox 688 2239 1092 2317; x_wconf 52' lang='lat' dir='ltr'><strong>santificatione</strong></span> <span class='ocrx_word' id='word_1_242' title='bbox 1122 2249 1200 2294; x_wconf 58' lang='grc' dir='ltr'><strong>ἔφ’</strong></span> <span class='ocrx_word' id='word_1_243' title='bbox 1223 2235 1420 2294; x_wconf 86' lang='lat' dir='ltr'><strong>honore.</strong></span> <span class='ocrx_word' id='word_1_244' title='bbox 1505 2238 1642 2292; x_wconf 80' lang='lat' dir='ltr'><strong>Non</strong></span> <span class='ocrx_word' id='word_1_245' title='bbox 1663 2239 1718 2291; x_wconf 85' lang='lat' dir='ltr'><strong>in</strong></span> <span class='ocrx_word' id='word_1_246' title='bbox 1741 2234 1905 2292; x_wconf 82' lang='lat' dir='ltr'><strong>morbo</strong></span> <span class='ocrx_word' id='word_1_247' title='bbox 1931 2234 2256 2320; x_wconf 68' lang='lat' dir='ltr'><strong>cupiditatis,</strong></span> <span class='ocrx_word' id='word_1_248' title='bbox 2283 2241 2417 2317; x_wconf 85' lang='lat' dir='ltr'><strong>ficut</strong></span> 
     </span>
     <span class='ocr_line' id='line_1_29' title="bbox 434 2314 2420 2399; baseline 0.002 -25"><span class='ocrx_word' id='word_1_249' title='bbox 434 2337 613 2399; x_wconf 80' lang='lat' dir='ltr'><strong>gentes</strong></span> <span class='ocrx_word' id='word_1_250' title='bbox 636 2341 736 2399; x_wconf 74' lang='lat' dir='ltr'><strong>qua</strong></span> <span class='ocrx_word' id='word_1_251' title='bbox 761 2340 862 2375; x_wconf 82' lang='lat' dir='ltr'><strong>non</strong></span> <span class='ocrx_word' id='word_1_252' title='bbox 886 2334 1136 2375; x_wconf 86' lang='lat' dir='ltr'><strong>noverunt</strong></span> <span class='ocrx_word' id='word_1_253' title='bbox 1161 2321 1349 2374; x_wconf 88' lang='lat' dir='ltr'><strong>Deum.</strong></span> <span class='ocrx_word' id='word_1_254' title='bbox 1436 2314 1655 2396; x_wconf 49' lang='lat' dir='ltr'><strong>Qib&#39;us</strong></span> <span class='ocrx_word' id='word_1_255' title='bbox 1690 2315 1866 2374; x_wconf 85' lang='lat' dir='ltr'><strong>verbis</strong></span> <span class='ocrx_word' id='word_1_256' title='bbox 1902 2314 2285 2377; x_wconf 85' lang='lat' dir='ltr'><strong>scortationem</strong></span> <span class='ocrx_word' id='word_1_257' title='bbox 2321 2318 2420 2378; x_wconf 85' lang='lat' dir='ltr'><strong>de-</strong></span> 
     </span>
     <span class='ocr_line' id='line_1_30' title="bbox 442 2395 2418 2482; baseline 0.001 -25"><span class='ocrx_word' id='word_1_258' title='bbox 442 2398 628 2457; x_wconf 86' lang='lat' dir='ltr'><strong>scribit</strong></span> <span class='ocrx_word' id='word_1_259' title='bbox 659 2401 742 2457; x_wconf 88' lang='lat' dir='ltr'><strong>uti</strong></span> <span class='ocrx_word' id='word_1_260' title='bbox 777 2396 1004 2457; x_wconf 80' lang='lat' dir='ltr'><strong>morbum</strong></span> <span class='ocrx_word' id='word_1_261' title='bbox 1038 2398 1372 2482; x_wconf 74' lang='lat' dir='ltr'><strong>cupiditatis,</strong></span> <span class='ocrx_word' id='word_1_262' title='bbox 1416 2417 1511 2477; x_wconf 88' lang='lat' dir='ltr'><strong>per</strong></span> <span class='ocrx_word' id='word_1_263' title='bbox 1545 2395 1595 2457; x_wconf 85' lang='lat' dir='ltr'><strong>se</strong></span> <span class='ocrx_word' id='word_1_264' title='bbox 1634 2416 1848 2478; x_wconf 85' lang='lat' dir='ltr'><strong>turpem</strong></span> <span class='ocrx_word' id='word_1_265' title='bbox 1870 2441 1888 2470; x_wconf 82' lang='lat'>‚</span> <span class='ocrx_word' id='word_1_266' title='bbox 1944 2403 1999 2457; x_wconf 73' lang='grc' dir='ltr'><strong>δε</strong></span> <span class='ocrx_word' id='word_1_267' title='bbox 2025 2417 2418 2480; x_wconf 82' lang='lat' dir='ltr'><strong>repugnantem</strong></span> 
     </span>
     <span class='ocr_line' id='line_1_31' title="bbox 443 2476 2422 2561; baseline 0.001 -24"><span class='ocrx_word' id='word_1_268' title='bbox 443 2479 854 2538; x_wconf 60' lang='lat' dir='ltr'><strong>sanctificationi</strong></span> <span class='ocrx_word' id='word_1_269' title='bbox 867 2505 884 2550; x_wconf 84' lang='lat'><em>3</em></span> <span class='ocrx_word' id='word_1_270' title='bbox 928 2480 987 2536; x_wconf 91' lang='lat' dir='ltr'><strong>in</strong></span> <span class='ocrx_word' id='word_1_271' title='bbox 1011 2478 1307 2559; x_wconf 87' lang='lat' dir='ltr'><strong>gentilibus</strong></span> <span class='ocrx_word' id='word_1_272' title='bbox 1334 2477 1454 2559; x_wconf 88' lang='lat' dir='ltr'><strong>ipfis</strong></span> <span class='ocrx_word' id='word_1_273' title='bbox 1479 2476 1688 2538; x_wconf 84' lang='lat' dir='ltr'><strong>foedum</strong></span> <span class='ocrx_word' id='word_1_274' title='bbox 1701 2525 1717 2551; x_wconf 82' lang='lat'>‚</span> <span class='ocrx_word' id='word_1_275' title='bbox 1732 2485 2148 2560; x_wconf 84' lang='lat' dir='ltr'><strong>promanantem</strong></span> <span class='ocrx_word' id='word_1_276' title='bbox 2167 2502 2233 2536; x_wconf 84' lang='lat' dir='ltr'><strong>ex</strong></span> <span class='ocrx_word' id='word_1_277' title='bbox 2254 2482 2422 2561; x_wconf 85' lang='lat' dir='ltr'><strong>igno-</strong></span> 
     </span>
     <span class='ocr_line' id='line_1_32' title="bbox 444 2557 2421 2645; baseline 0.002 -27"><span class='ocrx_word' id='word_1_278' title='bbox 444 2564 614 2619; x_wconf 84' lang='lat' dir='ltr'><strong>ran&#39;tia</strong></span> <span class='ocrx_word' id='word_1_279' title='bbox 635 2562 778 2631; x_wconf 81' lang='lat' dir='ltr'><strong>Dei,</strong></span> <span class='ocrx_word' id='word_1_280' title='bbox 823 2557 871 2618; x_wconf 64' lang='grc' dir='ltr'><strong>ἓν</strong></span> <span class='ocrx_word' id='word_1_281' title='bbox 900 2564 931 2618; x_wconf 63' lang='grc' dir='ltr'><strong>κ’</strong></span> <span class='ocrx_word' id='word_1_282' title='bbox 940 2585 967 2616; x_wconf 86' lang='grc' dir='ltr'><strong><em>κ</em></strong></span> <span class='ocrx_word' id='word_1_283' title='bbox 998 2559 1327 2637; x_wconf 53' lang='lat' dir='ltr'><strong>Maximam</strong></span> <span class='ocrx_word' id='word_1_284' title='bbox 1349 2567 1481 2634; x_wconf 63' lang='grc' dir='ltr'>ἔχειν</span> <span class='ocrx_word' id='word_1_285' title='bbox 1509 2567 1560 2618; x_wconf 68' lang='grc' dir='ltr'><strong>ὲν</strong></span> <span class='ocrx_word' id='word_1_286' title='bbox 1593 2561 1864 2638; x_wconf 61' lang='grc' dir='ltr'><strong>ἐῖθπγνώζει</strong></span> <span class='ocrx_word' id='word_1_287' title='bbox 1879 2588 1896 2633; x_wconf 82' lang='lat'>3</span> <span class='ocrx_word' id='word_1_288' title='bbox 1954 2568 2137 2643; x_wconf 80' lang='lat' dir='ltr'><strong>quique</strong></span> <span class='ocrx_word' id='word_1_289' title='bbox 2150 2579 2421 2645; x_wconf 69' lang='lat' dir='ltr'><strong>propterea</strong></span> 
     </span>
     <span class='ocr_line' id='line_1_33' title="bbox 444 2641 2420 2727; baseline 0.002 -29"><span class='ocrx_word' id='word_1_290' title='bbox 444 2641 671 2699; x_wconf 73' lang='lat' dir='ltr'><strong>tradidit</strong></span> <span class='ocrx_word' id='word_1_291' title='bbox 696 2663 775 2698; x_wconf 89' lang='lat' dir='ltr'><strong>eos</strong></span> <span class='ocrx_word' id='word_1_292' title='bbox 797 2647 854 2698; x_wconf 87' lang='lat' dir='ltr'><strong>in</strong></span> <span class='ocrx_word' id='word_1_293' title='bbox 876 2659 1093 2699; x_wconf 78' lang='lat' dir='ltr'><strong>mentem</strong></span> <span class='ocrx_word' id='word_1_294' title='bbox 1120 2649 1283 2700; x_wconf 85' lang='lat' dir='ltr'><strong>omnis</strong></span> <span class='ocrx_word' id='word_1_295' title='bbox 1294 2642 1492 2726; x_wconf 82' lang='lat' dir='ltr'><strong>judicii</strong></span> <span class='ocrx_word' id='word_1_296' title='bbox 1525 2660 1805 2727; x_wconf 78' lang='lat' dir='ltr'><strong>expertem,</strong></span> <span class='ocrx_word' id='word_1_297' title='bbox 1849 2660 1905 2700; x_wconf 85' lang='lat' dir='ltr'><strong>ut</strong></span> <span class='ocrx_word' id='word_1_298' title='bbox 1926 2646 2165 2722; x_wconf 87' lang='lat' dir='ltr'><strong>facerent</strong></span> <span class='ocrx_word' id='word_1_299' title='bbox 2190 2664 2291 2721; x_wconf 73' lang='lat' dir='ltr'><strong>qua</strong></span> <span class='ocrx_word' id='word_1_300' title='bbox 2314 2648 2420 2702; x_wconf 87' lang='lat' dir='ltr'><strong>mi·-</strong></span> 
     </span>
     <span class='ocr_line' id='line_1_34' title="bbox 443 2724 1322 2783; baseline 0.002 -3"><span class='ocrx_word' id='word_1_301' title='bbox 443 2728 582 2780; x_wconf 79' lang='lat' dir='ltr'><strong>m‘me</strong></span> <span class='ocrx_word' id='word_1_302' title='bbox 607 2728 931 2781; x_wconf 81' lang='lat' dir='ltr'><strong>conveniunt.</strong></span> <span class='ocrx_word' id='word_1_303' title='bbox 974 2724 1141 2782; x_wconf 90' lang='lat' dir='ltr'><strong>Rom.</strong></span> <span class='ocrx_word' id='word_1_304' title='bbox 1163 2744 1212 2781; x_wconf 87' lang='grc' dir='ltr'><strong>Ι.</strong></span> <span class='ocrx_word' id='word_1_305' title='bbox 1231 2726 1322 2783; x_wconf 85' lang='lat'><strong>28.</strong></span> 
     </span>
    </p>

    <p class='ocr_par' dir='ltr' id='par_1_6' title="bbox 434 2801 2423 3216">
     <span class='ocr_line' id='line_1_35' title="bbox 527 2801 2423 2888; baseline 0.001 -25"><span class='ocrx_word' id='word_1_306' title='bbox 527 2807 731 2863; x_wconf 83' lang='lat' dir='ltr'><strong>XVIII.</strong></span> <span class='ocrx_word' id='word_1_307' title='bbox 775 2803 965 2863; x_wconf 90' lang='lat' dir='ltr'><strong>Lubet.</strong></span> <span class='ocrx_word' id='word_1_308' title='bbox 980 2826 1079 2885; x_wconf 91' lang='lat' dir='ltr'><strong>pro</strong></span> <span class='ocrx_word' id='word_1_309' title='bbox 1107 2809 1362 2883; x_wconf 58' lang='grc' dir='ltr'><strong>ζῆτμὲτξῳ</strong></span> <span class='ocrx_word' id='word_1_310' title='bbox 1389 2801 1680 2884; x_wconf 85' lang='lat' dir='ltr'><strong>adscribere</strong></span> <span class='ocrx_word' id='word_1_311' title='bbox 1718 2829 1778 2866; x_wconf 88' lang='lat' dir='ltr'><strong>ea</strong></span> <span class='ocrx_word' id='word_1_312' title='bbox 1813 2826 1928 2888; x_wconf 86' lang='lat' dir='ltr'><strong>quae</strong></span> <span class='ocrx_word' id='word_1_313' title='bbox 1961 2805 2180 2865; x_wconf 81' lang='lat' dir='ltr'><strong>illustris</strong></span> <span class='ocrx_word' id='word_1_314' title='bbox 2214 2809 2423 2864; x_wconf 74' lang='lat' dir='ltr'><strong>Gratim</strong></span> 
     </span>
     <span class='ocr_line' id='line_1_36' title="bbox 449 2885 2423 2971; baseline 0.003 -30"><span class='ocrx_word' id='word_1_315' title='bbox 449 2888 729 2943; x_wconf 81' lang='lat' dir='ltr'><strong>annotavit</strong></span> <span class='ocrx_word' id='word_1_316' title='bbox 752 2885 817 2945; x_wconf 86' lang='lat' dir='ltr'><strong>ad</strong></span> <span class='ocrx_word' id='word_1_317' title='bbox 852 2888 991 2946; x_wconf 88' lang='lat' dir='ltr'><strong>Mat.</strong></span> <span class='ocrx_word' id='word_1_318' title='bbox 1016 2908 1067 2945; x_wconf 88' lang='lat' dir='ltr'><strong>v.</strong></span> <span class='ocrx_word' id='word_1_319' title='bbox 1099 2906 1189 2957; x_wconf 91' lang='lat'><strong>27.</strong></span> <span class='ocrx_word' id='word_1_320' title='bbox 1276 2891 1461 2968; x_wconf 79' lang='lat' dir='ltr'><strong>Neque</strong></span> <span class='ocrx_word' id='word_1_321' title='bbox 1473 2890 1600 2968; x_wconf 66' lang='lat' dir='ltr'><strong>stine</strong></span> <span class='ocrx_word' id='word_1_322' title='bbox 1625 2886 1897 2961; x_wconf 83' lang='lat' dir='ltr'><strong>debebant,</strong></span> <span class='ocrx_word' id='word_1_323' title='bbox 1973 2891 2184 2971; x_wconf 82' lang='lat' dir='ltr'><strong>inquit,</strong></span> <span class='ocrx_word' id='word_1_324' title='bbox 2239 2886 2423 2969; x_wconf 73' lang='lat' dir='ltr'><strong>Judaei</strong></span> 
     </span>
     <span class='ocr_line' id='line_1_37' title="bbox 447 2967 2420 3053; baseline 0.003 -32"><span class='ocrx_word' id='word_1_325' title='bbox 447 2968 558 3045; x_wconf 77' lang='lat' dir='ltr'><strong>lege</strong></span> <span class='ocrx_word' id='word_1_326' title='bbox 579 2967 748 3051; x_wconf 86' lang='lat' dir='ltr'><strong>adjuti</strong></span> <span class='ocrx_word' id='word_1_327' title='bbox 770 2968 983 3046; x_wconf 71' lang='lat' dir='ltr'><strong>nescire,</strong></span> <span class='ocrx_word' id='word_1_328' title='bbox 1025 2967 1160 3050; x_wconf 83' lang='lat' dir='ltr'><strong>quod</strong></span> <span class='ocrx_word' id='word_1_329' title='bbox 1186 2971 1373 3027; x_wconf 83' lang='lat' dir='ltr'><strong>multos</strong></span> <span class='ocrx_word' id='word_1_330' title='bbox 1400 2969 1708 3053; x_wconf 77' lang='lat' dir='ltr'><strong>ingentibus</strong></span> <span class='ocrx_word' id='word_1_331' title='bbox 1724 2970 1839 3049; x_wconf 73' lang='lat' dir='ltr'><strong>sola</strong></span> <span class='ocrx_word' id='word_1_332' title='bbox 1863 2975 1999 3028; x_wconf 88' lang='lat' dir='ltr'><strong>ratio</strong></span> <span class='ocrx_word' id='word_1_333' title='bbox 2022 2993 2087 3030; x_wconf 83' lang='lat' dir='ltr'><strong>ac</strong></span> <span class='ocrx_word' id='word_1_334' title='bbox 2110 2968 2245 3029; x_wconf 63' lang='lat' dir='ltr'><strong>retia</strong></span> <span class='ocrx_word' id='word_1_335' title='bbox 2271 2969 2420 3051; x_wconf 84' lang='lat' dir='ltr'><strong>insti-</strong></span> 
     </span>
     <span class='ocr_line' id='line_1_38' title="bbox 446 3047 2417 3133; baseline 0.003 -30"><span class='ocrx_word' id='word_1_336' title='bbox 446 3052 574 3104; x_wconf 65' lang='lat' dir='ltr'><strong>tutio</strong></span> <span class='ocrx_word' id='word_1_337' title='bbox 598 3047 855 3107; x_wconf 82' lang='lat' dir='ltr'><strong>docuerat.</strong></span> <span class='ocrx_word' id='word_1_338' title='bbox 937 3047 1048 3131; x_wconf 82' lang='lat' dir='ltr'><strong>Job</strong></span> <span class='ocrx_word' id='word_1_339' title='bbox 1059 3049 1210 3127; x_wconf 78' lang='lat' dir='ltr'><strong>sitam</strong></span> <span class='ocrx_word' id='word_1_340' title='bbox 1233 3072 1332 3108; x_wconf 88' lang='lat' dir='ltr'><strong>non</strong></span> <span class='ocrx_word' id='word_1_341' title='bbox 1355 3072 1391 3110; x_wconf 86' lang='lat' dir='ltr'><strong>a</strong></span> <span class='ocrx_word' id='word_1_342' title='bbox 1420 3055 1602 3133; x_wconf 79' lang='lat' dir='ltr'><strong>nuptis</strong></span> <span class='ocrx_word' id='word_1_343' title='bbox 1629 3069 1829 3111; x_wconf 86' lang='lat' dir='ltr'><strong>tantum</strong></span> <span class='ocrx_word' id='word_1_344' title='bbox 1840 3053 1936 3132; x_wconf 73' lang='lat' dir='ltr'><strong>sed</strong></span> <span class='ocrx_word' id='word_1_345' title='bbox 1959 3065 2038 3113; x_wconf 52' lang='grc' dir='ltr'><strong>ΕΤ</strong></span> <span class='ocrx_word' id='word_1_346' title='bbox 2060 3052 2304 3133; x_wconf 84' lang='lat' dir='ltr'><strong>innuptis</strong></span> <span class='ocrx_word' id='word_1_347' title='bbox 2323 3048 2417 3109; x_wconf 65' lang='lat' dir='ltr'><strong>ab·</strong></span> 
     </span>
     <span class='ocr_line' id='line_1_39' title="bbox 434 3125 2415 3216; baseline -0.001 -28"><span class='ocrx_word' id='word_1_348' title='bbox 434 3125 739 3207; x_wconf 61' lang='lat' dir='ltr'><strong>stinenu’am</strong></span> <span class='ocrx_word' id='word_1_349' title='bbox 766 3130 1032 3215; x_wconf 63' lang='lat' dir='ltr'><strong>praedicat.</strong></span> <span class='ocrx_word' id='word_1_350' title='bbox 1140 3133 1419 3214; x_wconf 67' lang='lat' dir='ltr'><strong>Epifizetus</strong></span> <span class='ocrx_word' id='word_1_351' title='bbox 1454 3133 1601 3216; x_wconf 73' lang='lat' dir='ltr'><strong>jubet</strong></span> <span class='ocrx_word' id='word_1_352' title='bbox 1634 3138 1931 3214; x_wconf 64' lang='grc' dir='ltr'><strong>καθαρέυειν</strong></span> <span class='ocrx_word' id='word_1_353' title='bbox 1968 3142 2062 3195; x_wconf 69' lang='grc' dir='ltr'><strong>τῶν</strong></span> <span class='ocrx_word' id='word_1_354' title='bbox 2103 3134 2415 3216; x_wconf 66' lang='grc' dir='ltr'><strong>οἰφξοδισῖωρ</strong></span> 
     </span>
    </p>

    <p class='ocr_par' dir='ltr' id='par_1_7' title="bbox 2313 3218 2422 3294">
     <span class='ocr_line' id='line_1_40' title="bbox 2313 3218 2422 3294; baseline -0.009 -23"><span class='ocrx_word' id='word_1_355' title='bbox 2313 3218 2422 3294; x_wconf 22' lang='lat' dir='ltr'><strong>arg-2⁹</strong></span> 
     </span>
    </p>
   </div>
  </div>
 </body>
</html>
