2539 3612
381 148 503 252 4415
967 169 1364 232 DLA-rrum:
1407 185 1503 227 DE
1542 168 1878 227 Lemoni:

462 270 752 329 XXXVII.
800 271 994 347 Qum
1008 291 1139 361 ergo
1156 270 1339 347 Magia
1351 266 1594 326 universa
1616 267 1968 326 circulatoriis
1982 263 2226 338 consistat
2235 287 2366 368 pra..

369 349 550 430 stigiis
572 370 933 427 vanarumque
962 368 1231 407 mentium
1260 348 1535 419 ludibriis;
1579 370 1750 429 quum
1778 351 2068 427 imperium
2100 355 2152 409 ei
2176 354 2235 410 in
2264 376 2367 410 im-

377 428 488 487 bres
514 473 531 500 ‚
575 430 892 510 grandinem
914 474 931 500 ‚
971 433 1239 508 fulmina,
1283 428 1740 510 Philosophorum
1769 429 2134 508 sapientisfimi
2160 436 2368 515 quique

376 511 783 591 abrogaverint3
829 532 1002 591 quum
1025 514 1188 572 etiam
1211 511 1412 593 qnando
1437 518 1665 569 maxime
1688 510 2034 584 excolebatur,
2054 536 2232 594 neque
2256 515 2366 573 bel-

378 594 546 648 loram
567 594 859 672 ancipitem
884 594 1079 666 aleam,
1121 617 1299 676 neque
1328 599 1654 678 imperiorum
1685 591 1926 653 fortunas
1968 595 2234 654 moderari
2260 619 2368 677 po-

346 675 541 731 ‘tuerit
551 699 568 744 3
614 696 784 754 quum
811 672 1075 755 denique,
1121 675 1383 757 quicquid
1418 677 1642 733 valuerit
1670 679 1821 747 olim,
1864 698 1959 754 per
1976 676 2163 756 Christi
2186 684 2368 736 Euan-

368 757 569 834 gelium
602 757 897 834 plurimum
938 758 1002 816 de
1041 757 1346 816 efficacitate
1384 757 1472 816 sua
1494 754 1754 817 amiserit:
1797 761 1917 837 quis
1942 776 2151 816 tantum
2183 759 2366 818 nescio

374 841 524 910 cujus
552 836 791 896 Chaldaei
820 841 1041 919 magicis
1070 838 1395 898 carminibus
1421 837 1670 897 effe&um
1697 836 1795 896 effe
1823 838 2133 910 crediderit,
2177 858 2238 898 ut
2265 841 2366 898 fri-

375 915 533 994 gidus
565 917 740 975 imber
764 921 821 977 in
849 921 1162 993 Romanos,
1206 924 1396 1002 igneus
1422 924 1480 979 in
1509 919 1686 976 hostes
1714 919 1908 977 eodem
1934 937 2177 998 tempore
2213 921 2362 980 deci-

376 996 514 1055 derit
534 1043 550 1067 ‚
592 998 693 1057 nisi
721 1023 835 1059 non
860 1000 1115 1081 sapientia
1146 1001 1348 1072 solum,
1391 1001 1480 1060 sed
1504 1007 1559 1058 &
1581 998 1766 1058 sanitas
1804 999 2088 1058 hominem
2115 1001 2363 1061 deficiat?

456 1085 774 1140 XXXVIII.
835 1083 937 1142 Sed
979 1089 1034 1142 &
1075 1084 1207 1142 illud
1235 1084 1414 1142 addo:
1459 1105 1574 1141 non
1600 1081 2070 1151 testarihistoriaQ
2117 1084 2366 1142 Marcum

374 1163 764 1240 imperatorem
805 1166 986 1245 Magis
1022 1164 1174 1223 fuiffe
1217 1166 1486 1224 addistum
1507 1208 1526 1239 ,
1568 1162 1724 1223 eosve
1759 1166 1817 1220 in
1845 1165 2107 1220 comitatu
2135 1160 2228 1221 suo
2272 1182 2364 1222 aut

378 1244 558 1321 pretio
586 1242 836 1302 habuisse.
922 1247 1225 1330 Xiphilinus
1253 1269 1270 1304 .·
1328 1249 1412 1302 id}
1444 1246 1550 1322 yoig
1573 1247 1758 1319 μάγων
1789 1249 2031 1319 spissiam
2055 1244 2134 1313 nte)
2163 1243 2370 1319 ’γοητείᾳ

377 1327 405 1378 o‘
433 1325 665 1401 Magn&
688 1326 884 1404 χαίξειν
913 1329 1149 1404 teroem-xz.
1202 1335 1321 1385 Imo
1349 1351 1412 1385 ex
1438 1325 1655 1387 adverso
1684 1325 1858 1385 testari
1883 1325 2058 1404 ipsum
2085 1329 2366 1397 Marcum,

71 1409 166 1465 Lib·
194 1425 229 1454 1=
258 1415 294 1460 §-
318 1417 354 1451 6·
376 1401 428 1464 se
462 1405 518 1464 id
545 1428 715 1487 genus
742 1407 1031 1467 hominum
1056 1409 1155 1468 effe
1180 1409 1513 1468 detestatum.
1601 1416 1681 1467 Ita
1708 1410 1855 1465 enim
1883 1405 2023 1482 ipse:
2066 1405 2217 1476 napa*
2250 1421 2362 1462 Διο-

377 1484 566 1563 yvn'w,
611 1490 667 1546 τό
707 1489 1054 1548 σίκενᾶσπεὸον·
1087 1490 1167 1566 ξφ)
1208 1491 1268 1548 τὲ
1300 1490 1587 1552 αἶπιςητικὸν
1619 1501 1715 1544 τοῖς
1743 1488 1836 1543 v‘rro*
1862 1487 1907 1544 ἧς
1944 1483 2362 1560 τεξοιτευομῼύων,

376 1568 458 1645 δρᾷ»)
486 1568 673 1644 γοήτων
701 1578 805 1645 περὶ
829 1577 1065 1646 ἐπῳδῶν,
1107 1571 1186 1642 &i
1221 1567 1464 1639 δαιμόνων
1493 1574 1834 1641 ammonit,
1854 1570 1862 1581 ’
1881 1564 1962 1638 κείς
1990 1569 2029 1621 ²?
2059 1567 2253 1622 τοιέτων
2269 1585 2358 1625 λε-

374 1650 627 1725 γομῆέοις.
709 1657 776 1707 A
811 1657 1066 1731 Diogneto
1103 1653 1330 1732 accepisse
1353 1671 1431 1703 me
1456 1648 1690 1726 agnosco,
1736 1669 1797 1702 ne
1819 1644 1960 1701 rebus
1997 1645 2233 1704 inanibus
2242 1650 2358 1726 stu·-

367 1733 514 1788 dium
550 1733 888 1813 impenderem
910 1776 925 1799 ,
970 1753 1098 1787 neve
1122 1729 1368 1808 eisfidem
1390 1728 1708 1796 adhiberem,
1738 1750 1839 1807 qua
1865 1749 1898 1782 a
1911 1727 2357 1808 prastigiatoribus

370 1813 625 1892 magisque
643 1810 707 1866 de
737 1809 1203 1881 incantationibus,
1245 1809 1401 1888 deque
1415 1807 1714 1866 damonibus
1736 1810 2172 1881 averruncandis,
2214 1813 2360 1888 aliis-

365 1916 461 1973 que
480 1891 719 1974 ejusmodi
740 1892 1021 1974 imposturis
1038 1936 1053 1961 ‚
1067 1891 1323 1948 dicantar.
1370 1892 1571 1970 Neque
1589 1890 1956 1948 omittendum
1969 1936 1984 1961 ,
1999 1890 2198 1949 librum
2213 1892 2358 1951 hunc

367 1974 733 2051 conscriptum
748 1974 847 2030 effe
861 2018 878 2042 ,
894 1975 976 2031 uti
1004 1971 1112 2052 ipse
1141 1972 1205 2031 ad
1222 1974 1416 2030 calcem
1433 1991 1638 2043 monet,
1655 1976 1710 2029 A
1727 1980 1766 2030 P
1781 1974 1919 2030 UD
1961 1974 2159 2052 QUA
2176 1978 2233 2032 D
2253 1976 2308 2031 O
2323 1979 2355 2034 S

363 2059 421 2115 A
438 2058 497 2113 D
543 2056 737 2114 GRA
754 2055 891 2112 NU
908 2058 1075 2126 AM,
1102 2056 1158 2111 in
1182 2054 1365 2112 eadem
1395 2055 1482 2111 illa
1494 2054 1842 2132 expeditione
1869 2052 1934 2109 de
1961 2076 2064 2132 qua
2087 2077 2232 2114 nunc
2259 2079 2363 2114 no-

363 2135 452 2194 bis
475 2135 646 2195 sermo
672 2136 761 2195 est.
805 2138 1014 2194 Merito
1042 2157 1171 2216 ergo
1195 2142 1307 2210 jure
1333 2138 1565 2215 Scaliger
1587 2133 1750 2192 dixit:
1789 2133 1853 2192 ad
1880 2138 2073 2190 Dionis
2097 2137 2351 2195 Claudia-

364 2222 521 2297 nique
544 2221 1005 2299 vaniloquentiam
1035 2215 1486 2285 confodiendam,
1531 2237 1644 2272 non
1672 2214 1817 2293 poffe
1845 2216 2013 2271 telum
2038 2214 2352 2276 testimonio

365 2295 475 2357 hoc
499 2297 761 2359 efficacius
786 2301 1051 2369 inveniri,
1082 2298 1120 2355 fi
1144 2299 1263 2378 quis
1288 2318 1509 2354 omnem
1537 2295 1806 2354 industriae
1832 2293 1930 2353 suae
1956 2297 2070 2354 vim
2094 2298 2350 2357 intendat.

450 2385 704 2440 XXXIX.
752 2387 943 2458 Qum
973 2383 1153 2458 itaque
1186 2380 1402 2458 Magica
1442 2380 1674 2436 carmina
1696 2419 1716 2450 ‚
1770 2399 1947 2458 neque
1985 2376 2221 2436 adhibita
2256 2378 2357 2438 effe

372 2460 630 2520 credibile
668 2460 761 2532 fit,
804 2481 981 2539 neque
1019 2458 1057 2515 fi
1095 2458 1330 2517 adhibita
1354 2457 1599 2529 fuissent,
1641 2477 1797 2517 tantae
1822 2461 1901 2515 rei
1925 2455 2213 2518 efficiendae
2241 2460 2360 2518 ido·

365 2561 468 2599 nea
510 2542 612 2600 sint
636 2567 649 2600 ε
705 2539 859 2599 restat
889 2585 906 2610 ,
951 2558 1010 2597 ut
1035 2538 1219 2597 sanctis
1247 2543 1464 2620 piorum
1488 2540 1778 2598 hominum
1792 2538 2025 2623 precibus
2046 2538 2263 2598 salutem
2291 2543 2360 2599 il·

366 2622 472 2679 lam
515 2625 756 2681 Romani
798 2624 1059 2680 exercitus
1100 2640 1434 2700 procuratam
1477 2620 1576 2680 effe
1619 2620 1918 2680 statuamus.
1983 2621 2154 2701 Qod
2176 2644 2355 2703 neque

365 2702 619 2762 Gentiles
643 2704 921 2779 abnuunt,
964 2707 1020 2759 &
1043 2701 1210 2760 nostri
1233 2724 1331 2783 pro
1358 2721 1506 2761 certo
1530 2701 1745 2761 habent.
1788 2700 2041 2761 Precibus
2064 2704 2212 2760 enim
2238 2705 2360 2782 plu-

370 2785 480 2842 vias
515 2788 657 2844 olim.
683 2789 986 2861 impetratas
1024 2784 1154 2855 effe,
1198 2803 1307 2842 tam
1343 2781 1566 2863 profana
1600 2782 1819 2842 historia
1846 2805 2006 2864 quam
2028 2781 2164 2842 sacra
2189 2783 2355 2844 fidem

74 2886 300 2935 strumiib.
375 2864 516 2925 facit.
582 2866 760 2925 Lubet
781 2868 838 2926 id
864 2871 1137 2924 Clementis
1161 2865 1529 2923 Alexandrini
1550 2864 1725 2922 verbis
1751 2886 2050 2944 exponere:
2095 2871 2242 2942 cujus
2265 2866 2374 2923 hic·

78 2959 200 3039 ξ’·Ρ·
227 2941 329 2984 mihi
377 2947 540 3007 exstat
562 2947 834 3007 discursus,
902 2953 1082 3029 Qum
1101 2946 1349 3005 diuturna
1365 2949 1563 3026 ficcitas
1590 2951 1841 3003 Graciam
1862 2947 2141 3026 aliqnando
2164 2950 2355 3026 afflige-

107 3013 171 3044 ³9⁹
375 3050 479 3101 ret,
518 3043 596 3088 (9⁹
607 3031 872 3108 frnfluum
896 3036 1008 3107 effer
1029 3035 1262 3086 maxima
1274 3028 1556 3107 sterilitas,
1584 3033 1674 3109 qui
1695 3029 2063 3104 remanserant,
2089 3033 2353 3109 inquiunt,

353 3130 561 3197 propter
571 3115 774 3193 famem
798 3111 1033 3197 Delphos:
1041 3112 1294 3195 [applices
1316 3115 1602 3184 venientes,
1624 3126 1866 3190 rogarunt
1890 3109 2128 3193 Pythiam
2149 3128 2352 3244 quom}—

2326 3208 2351 3244 o
